day;timestamp;product;bid_price_1;bid_volume_1;bid_price_2;bid_volume_2;bid_price_3;bid_volume_3;ask_price_1;ask_volume_1;ask_price_2;ask_volume_2;ask_price_3;ask_volume_3;mid_price;profit_and_loss
1;0;BANANAS;4871;9;4870;23;;;4877;23;;;;;4874.0;0.0
1;0;PEARLS;9998;9;9995;23;;;10005;23;;;;;10001.5;0.0
1;100;BANANAS;4875;1;4871;4;4870;22;4877;22;;;;;4876.0;-69.6875
1;100;PEARLS;10002;1;10000;2;9998;4;10004;1;10005;21;;;10003.0;0.0
1;200;BANANAS;4870;22;;;;;4876;22;;;;;4873.0;-79.328125
1;200;PEARLS;9996;1;9995;21;;;10004;1;10005;21;;;10000.0;2.0
1;300;BANANAS;4873;1;4868;26;;;4875;26;;;;;4874.0;-110.6328125
1;300;PEARLS;9995;26;;;;;10005;26;;;;;10000.0;2.0
1;400;BANANAS;4870;8;4869;28;;;4871;5;4875;28;;;4870.5;-100.1171875
1;400;PEARLS;9998;8;9996;2;9995;26;10004;2;10005;26;;;10001.0;2.0
1;500;BANANAS;4874;1;4870;8;4869;24;4875;1;4876;23;;;4874.5;-97.6171875
1;500;PEARLS;9998;8;9996;1;9995;23;10004;1;10005;23;;;10001.0;2.0
1;600;BANANAS;4868;30;;;;;4875;30;;;;;4871.5;-107.125
1;600;PEARLS;9996;2;9995;28;;;10004;2;10005;28;;;10000.0;2.0
1;700;BANANAS;4868;23;;;;;4869;1;4875;23;;;4868.5;-109.359375
1;700;PEARLS;9996;1;9995;22;;;10004;1;10005;22;;;10000.0;2.0
1;800;PEARLS;9996;1;9995;24;;;10000;3;10004;1;10005;24;9998.0;2.0
1;800;BANANAS;4871;1;4869;1;4868;24;4875;25;;;;;4873.0;-101.890625
1;900;BANANAS;4869;1;4868;20;;;4875;21;;;;;4872.0;-106.046875
1;900;PEARLS;9996;1;9995;20;;;9998;11;10004;1;10005;20;9997.0;2.0
1;1000;PEARLS;9996;1;9995;30;;;10004;1;10005;30;;;10000.0;24.0
1;1000;BANANAS;4868;31;;;;;4875;31;;;;;4871.5;-111.125
1;1100;BANANAS;4868;22;;;;;4873;6;4875;22;;;4870.5;-109.8828125
1;1100;PEARLS;9996;1;9995;21;;;10002;6;10004;1;10005;21;9999.0;24.0
1;1200;PEARLS;9996;1;9995;22;;;10004;1;10005;22;;;10000.0;24.0
1;1200;BANANAS;4868;22;;;;;4874;1;4875;22;;;4871.0;-115.546875
1;1300;BANANAS;4867;25;;;;;4874;25;;;;;4870.5;-122.125
1;1300;PEARLS;10002;1;9995;25;;;10005;25;;;;;10003.5;24.0
1;1400;PEARLS;9995;23;;;;;10000;6;10005;23;;;9997.5;26.0
1;1400;BANANAS;4868;23;;;;;4875;23;;;;;4871.5;-102.28125
1;1500;BANANAS;4874;1;4869;21;;;4875;21;;;;;4874.5;-100.796875
1;1500;PEARLS;9996;1;9995;20;;;9998;4;10004;1;10005;20;9997.0;26.0
1;1600;PEARLS;9996;2;9995;28;;;10004;2;10005;28;;;10000.0;34.0
1;1600;BANANAS;4869;2;4868;28;;;4875;30;;;;;4872.0;-104.578125
1;1700;BANANAS;4868;28;;;;;4870;2;4875;28;;;4869.0;-110.578125
1;1700;PEARLS;9995;28;;;;;10005;28;;;;;10000.0;34.0
1;1800;PEARLS;10000;4;9995;23;;;10002;10;10005;23;;;10001.0;34.0
1;1800;BANANAS;4868;23;;;;;4872;10;4874;23;;;4870.0;-119.53125
1;1900;BANANAS;4868;31;;;;;4874;32;;;;;4871.0;-119.578125
1;1900;PEARLS;9996;2;9995;30;;;10004;2;10005;30;;;10000.0;34.0
1;2000;PEARLS;9996;2;9995;21;;;10004;2;10005;21;;;10000.0;34.0
1;2000;BANANAS;4868;23;;;;;4875;23;;;;;4871.5;-107.4140625
1;2100;BANANAS;4868;28;;;;;4875;28;;;;;4871.5;-108.1953125
1;2100;PEARLS;9996;2;9995;26;;;10004;2;10005;26;;;10000.0;34.0
1;2200;PEARLS;9996;1;9995;20;;;9998;4;10004;1;10005;20;9997.0;34.0
1;2200;BANANAS;4868;21;;;;;4875;21;;;;;4871.5;-106.9609375
1;2300;PEARLS;9996;2;9995;22;;;10004;2;10005;22;;;10000.0;42.0
1;2300;BANANAS;4868;24;;;;;4871;1;4874;2;4875;22;4869.5;-115.1875
1;2400;PEARLS;9996;2;9995;20;;;10004;2;10005;20;;;10000.0;42.0
1;2400;BANANAS;4868;22;;;;;4874;2;4875;20;;;4871.0;-118.28125
1;2500;PEARLS;9998;3;9996;2;9995;21;10004;2;10005;21;;;10001.0;42.0
1;2500;BANANAS;4868;5;4867;21;;;4874;23;;;;;4871.0;-121.6484375
1;2600;PEARLS;10002;1;9996;1;9995;29;10004;1;10005;29;;;10003.0;42.0
1;2600;BANANAS;4867;30;;;;;4872;4;4874;30;;;4869.5;-129.3046875
1;2700;PEARLS;9998;7;9996;2;9995;21;10004;2;10005;21;;;10001.0;44.0
1;2700;BANANAS;4868;7;4867;23;;;4874;23;;;;;4871.0;-132.1015625
1;2800;PEARLS;9995;27;;;;;10005;27;;;;;10000.0;44.0
1;2800;BANANAS;4868;27;;;;;4875;27;;;;;4871.5;-117.328125
1;2900;PEARLS;9996;2;9995;20;;;10004;2;10005;20;;;10000.0;44.0
1;2900;BANANAS;4869;2;4868;20;;;4875;22;;;;;4872.0;-104.640625
1;3000;BANANAS;4874;1;4869;30;;;4876;30;;;;;4875.0;-93.265625
1;3000;PEARLS;9996;1;9995;29;;;10004;1;10005;29;;;10000.0;44.0
1;3100;BANANAS;4870;6;4869;28;;;4875;1;4876;27;;;4872.5;-94.375
1;3100;PEARLS;9998;5;9996;1;9995;27;10004;1;10005;27;;;10001.0;44.0
1;3200;BANANAS;4869;24;;;;;4876;24;;;;;4872.5;-90.0625
1;3200;PEARLS;10002;2;9995;24;;;10005;24;;;;;10003.5;44.0
1;3300;BANANAS;4869;1;4868;24;;;4875;25;;;;;4872.0;-100.484375
1;3300;PEARLS;10002;1;9996;1;9995;24;10004;1;10005;24;;;10003.0;48.0
1;3400;PEARLS;9998;10;9996;2;9995;27;10004;2;10005;27;;;10001.0;50.0
1;3400;BANANAS;4870;10;4869;29;;;4876;29;;;;;4873.0;-87.0625
1;3500;PEARLS;9995;26;;;;;10002;10;10005;26;;;9998.5;50.0
1;3500;BANANAS;4872;4;4869;26;;;4874;10;4876;26;;;4873.0;-90.9296875
1;3600;PEARLS;9995;27;;;;;10002;8;10005;27;;;9998.5;50.0
1;3600;BANANAS;4869;27;;;;;4874;8;4876;27;;;4871.5;-95.28125
1;3700;PEARLS;9998;3;9995;25;;;10005;25;;;;;10001.5;50.0
1;3700;BANANAS;4870;4;4869;25;;;4876;25;;;;;4873.0;-87.765625
1;3800;PEARLS;9995;24;;;;;10005;24;;;;;10000.0;50.0
1;3800;BANANAS;4869;24;;;;;4876;24;;;;;4872.5;-84.0546875
1;3900;PEARLS;9996;2;9995;24;;;10004;2;10005;24;;;10000.0;50.0
1;3900;BANANAS;4870;26;;;;;4876;26;;;;;4873.0;-78.0
1;4000;PEARLS;10002;1;9996;1;9995;30;10004;1;10005;30;;;10003.0;50.0
1;4000;BANANAS;4870;31;;;;;4871;1;4877;31;;;4870.5;-70.0390625
1;4100;PEARLS;10000;5;9996;2;9995;22;10002;4;10004;2;10005;22;10001.0;52.0
1;4100;BANANAS;4870;24;;;;;4875;4;4877;24;;;4872.5;-68.53125
1;4200;PEARLS;10002;5;9996;1;9995;28;10004;1;10005;28;;;10003.0;52.0
1;4200;BANANAS;4870;29;;;;;4876;1;4877;28;;;4873.0;-72.84375
1;4300;PEARLS;9995;26;;;;;10002;8;10005;26;;;9998.5;62.0
1;4300;BANANAS;4869;26;;;;;4874;8;4876;26;;;4871.5;-83.4921875
1;4400;PEARLS;9995;28;;;;;10005;28;;;;;10000.0;62.0
1;4400;BANANAS;4870;28;;;;;4877;28;;;;;4873.5;-68.90625
1;4500;BANANAS;4871;26;;;;;4877;26;;;;;4874.0;-55.875
1;4500;PEARLS;9995;26;;;;;10005;26;;;;;10000.0;62.0
1;4600;BANANAS;4870;21;;;;;4877;21;;;;;4873.5;-61.59375
1;4600;PEARLS;9995;21;;;;;10005;21;;;;;10000.0;62.0
1;4700;BANANAS;4872;5;4871;26;;;4878;26;;;;;4875.0;-39.0703125
1;4700;PEARLS;9998;5;9995;26;;;10005;26;;;;;10001.5;62.0
1;4800;BANANAS;4876;1;4871;23;;;4877;23;;;;;4876.5;-66.4140625
1;4800;PEARLS;9996;1;9995;22;;;10004;1;10005;22;;;10000.0;62.0
1;4900;BANANAS;4871;24;;;;;4878;24;;;;;4874.5;-59.3203125
1;4900;PEARLS;9996;2;9995;22;;;10004;2;10005;22;;;10000.0;62.0
1;5000;BANANAS;4872;10;4871;30;;;4878;31;;;;;4875.0;-53.828125
1;5000;PEARLS;9998;9;9996;1;9995;30;10004;1;10005;30;;;10001.0;62.0
1;5100;BANANAS;4871;26;;;;;4878;26;;;;;4874.5;-57.8203125
1;5100;PEARLS;9995;26;;;;;10005;26;;;;;10000.0;62.0
1;5200;BANANAS;4872;9;4871;23;;;4878;25;;;;;4875.0;-52.6484375
1;5200;PEARLS;10000;5;9998;7;9996;2;10004;2;10005;23;;;10002.0;62.0
1;5300;PEARLS;9995;22;;;;;9998;12;10005;22;;;9996.5;62.0
1;5300;BANANAS;4872;22;;;;;4879;22;;;;;4875.5;-47.9375
1;5400;PEARLS;9995;30;;;;;10005;30;;;;;10000.0;86.0
1;5400;BANANAS;4872;30;;;;;4879;30;;;;;4875.5;-49.8984375
1;5500;BANANAS;4872;29;;;;;4879;29;;;;;4875.5;-44.125
1;5500;PEARLS;9996;1;9995;28;;;10004;1;10005;28;;;10000.0;86.0
1;5600;BANANAS;4873;2;4872;25;;;4879;25;;;;;4876.0;-44.828125
1;5600;PEARLS;9998;2;9996;2;9995;23;10004;2;10005;23;;;10001.0;86.0
1;5700;PEARLS;9996;1;9995;30;;;10004;1;10005;30;;;10000.0;86.0
1;5700;BANANAS;4877;4;4873;1;4872;30;4879;31;;;;;4878.0;-44.3828125
1;5800;PEARLS;9996;2;9995;28;;;10004;2;10005;28;;;10000.0;86.0
1;5800;BANANAS;4872;30;;;;;4875;2;4879;30;;;4873.5;-42.76171875
1;5900;BANANAS;4872;23;;;;;4878;2;4879;21;;;4875.0;-44.828125
1;5900;PEARLS;9996;2;9995;21;;;10004;2;10005;21;;;10000.0;86.0
1;6000;BANANAS;4872;30;;;;;4877;10;4879;30;;;4874.5;-42.77734375
1;6000;PEARLS;9995;30;;;;;10002;10;10005;30;;;9998.5;86.0
1;6100;PEARLS;9996;1;9995;24;;;10004;1;10005;24;;;10000.0;86.0
1;6100;BANANAS;4873;1;4872;24;;;4879;25;;;;;4876.0;-40.09375
1;6200;PEARLS;9998;3;9996;1;9995;29;10004;1;10005;29;;;10001.0;86.0
1;6200;BANANAS;4878;1;4874;3;4873;30;4879;1;4880;29;;;4878.5;-37.34765625
1;6300;BANANAS;4873;22;;;;;4875;3;4879;22;;;4874.0;-37.015625
1;6300;PEARLS;9995;22;;;;;10005;22;;;;;10000.0;86.0
1;6400;BANANAS;4873;24;;;;;4876;2;4878;6;4879;1;4874.5;-36.14453125
1;6400;PEARLS;9996;1;9995;23;;;10002;6;10004;1;10005;23;9999.0;86.0
1;6500;PEARLS;9995;22;;;;;10005;22;;;;;10000.0;86.0
1;6500;BANANAS;4872;22;;;;;4879;22;;;;;4875.5;-38.109375
1;6600;PEARLS;9996;2;9995;27;;;10004;2;10005;27;;;10000.0;86.0
1;6600;BANANAS;4873;29;;;;;4879;2;4880;27;;;4876.0;-35.86328125
1;6700;PEARLS;9996;1;9995;30;;;10004;1;10005;30;;;10000.0;86.0
1;6700;BANANAS;4873;31;;;;;4879;1;4880;30;;;4876.0;-122.4453125
1;6800;PEARLS;10000;5;9996;2;9995;29;10004;2;10005;29;;;10002.0;86.0
1;6800;BANANAS;4873;30;;;;;4879;31;;;;;4876.0;-117.03125
1;6900;PEARLS;9996;2;9995;27;;;10004;2;10005;27;;;10000.0;86.0
1;6900;BANANAS;4873;2;4872;27;;;4879;29;;;;;4876.0;-114.5234375
1;7000;PEARLS;9996;1;9995;30;;;10004;1;10005;30;;;10000.0;86.0
1;7000;BANANAS;4873;31;;;;;4879;31;;;;;4876.0;-117.3671875
1;7100;PEARLS;9996;1;9995;30;;;9998;5;10002;7;10004;1;9997.0;86.0
1;7100;BANANAS;4872;31;;;;;4877;7;4878;1;4879;30;4874.5;-102.640625
1;7200;PEARLS;9996;1;9995;22;;;10002;1;10004;1;10005;22;9999.0;88.0
1;7200;BANANAS;4872;23;;;;;4876;2;4878;23;;;4874.0;-97.109375
1;7300;PEARLS;9996;1;9995;25;;;10004;1;10005;25;;;10000.0;88.0
1;7300;BANANAS;4872;26;;;;;4879;26;;;;;4875.5;-106.7578125
1;7400;BANANAS;4871;22;;;;;4878;22;;;;;4874.5;-90.390625
1;7400;PEARLS;10002;1;9995;22;;;10005;22;;;;;10003.5;88.0
1;7500;BANANAS;4871;29;;;;;4878;29;;;;;4874.5;-92.84375
1;7500;PEARLS;9995;29;;;;;10005;29;;;;;10000.0;90.0
1;7600;BANANAS;4872;27;;;;;4878;27;;;;;4875.0;-98.25
1;7600;PEARLS;10002;1;9995;27;;;10005;27;;;;;10003.5;90.0
1;7700;BANANAS;4871;26;;;;;4876;5;4878;26;;;4873.5;-84.453125
1;7700;PEARLS;9996;1;9995;25;;;10002;5;10004;1;10005;25;9999.0;92.0
1;7800;PEARLS;9995;23;;;;;10005;23;;;;;10000.0;92.0
1;7800;BANANAS;4870;23;;;;;4877;23;;;;;4873.5;-74.9921875
1;7900;PEARLS;9996;2;9995;22;;;10002;7;10004;2;10005;22;9999.0;92.0
1;7900;BANANAS;4870;24;;;;;4875;7;4876;2;4877;22;4872.5;-63.53125
1;8000;PEARLS;10000;3;9996;2;9995;28;10004;2;10005;28;;;10002.0;92.0
1;8000;BANANAS;4875;1;4870;2;4869;28;4876;30;;;;;4875.5;-52.234375
1;8100;PEARLS;9995;25;;;;;10005;25;;;;;10000.0;92.0
1;8100;BANANAS;4869;25;;;;;4876;25;;;;;4872.5;-49.578125
1;8200;PEARLS;9996;2;9995;25;;;10004;2;10005;25;;;10000.0;92.0
1;8200;BANANAS;4871;4;4869;2;4868;25;4875;27;;;;;4873.0;-33.1171875
1;8300;PEARLS;9998;9;9995;28;;;10005;28;;;;;10001.5;92.0
1;8300;BANANAS;4870;9;4869;28;;;4875;28;;;;;4872.5;-37.03125
1;8400;PEARLS;9998;5;9995;29;;;10005;29;;;;;10001.5;92.0
1;8400;BANANAS;4870;5;4869;29;;;4875;29;;;;;4872.5;-37.390625
1;8500;PEARLS;9996;2;9995;25;;;10004;2;10005;25;;;10000.0;92.0
1;8500;BANANAS;4873;3;4869;27;;;4875;2;4876;25;;;4874.0;-40.109375
1;8600;PEARLS;9996;2;9995;27;;;10004;2;10005;27;;;10000.0;92.0
1;8600;BANANAS;4869;2;4868;27;;;4875;29;;;;;4872.0;-34.046875
1;8700;PEARLS;9996;2;9995;22;;;10004;2;10005;22;;;10000.0;92.0
1;8700;BANANAS;4873;1;4868;24;;;4874;2;4875;22;;;4873.5;-23.90625
1;8800;PEARLS;9996;1;9995;30;;;10004;1;10005;30;;;10000.0;92.0
1;8800;BANANAS;4868;31;;;;;4875;31;;;;;4871.5;-24.8359375
1;8900;BANANAS;4868;26;;;;;4875;26;;;;;4871.5;-22.140625
1;8900;PEARLS;9995;26;;;;;10005;26;;;;;10000.0;92.0
1;9000;BANANAS;4868;23;;;;;4875;23;;;;;4871.5;-21.46875
1;9000;PEARLS;9995;23;;;;;10005;23;;;;;10000.0;92.0
1;9100;BANANAS;4867;22;;;;;4869;5;4874;22;;;4868.0;-10.953125
1;9100;PEARLS;9995;22;;;;;9998;1;10005;22;;;9996.5;92.0
1;9200;BANANAS;4867;27;;;;;4874;27;;;;;4870.5;1.640625
1;9200;PEARLS;9996;2;9995;25;;;10004;2;10005;25;;;10000.0;94.0
1;9300;BANANAS;4868;1;4867;30;;;4873;30;;;;;4870.5;6.671875
1;9300;PEARLS;10002;11;9998;1;9996;1;10004;1;10005;29;;;10003.0;94.0
1;9400;BANANAS;4866;30;;;;;4873;30;;;;;4869.5;11.9375
1;9400;PEARLS;10002;1;9996;2;9995;28;10004;2;10005;28;;;10003.0;116.0
1;9500;BANANAS;4866;26;;;;;4873;26;;;;;4869.5;-89.015625
1;9500;PEARLS;10002;1;9996;2;9995;24;10004;2;10005;24;;;10003.0;118.0
1;9600;BANANAS;4866;21;;;;;4871;6;4873;21;;;4868.5;-91.3671875
1;9600;PEARLS;9996;1;9995;20;;;10002;6;10004;1;10005;20;9999.0;120.0
1;9700;BANANAS;4866;31;;;;;4873;31;;;;;4869.5;-99.5546875
1;9700;PEARLS;9996;1;9995;30;;;10000;4;10004;1;10005;30;9998.0;120.0
1;9800;PEARLS;9998;1;9996;2;9995;24;10004;2;10005;24;;;10001.0;120.0
1;9800;BANANAS;4867;1;4866;26;;;4873;26;;;;;4870.0;-101.1328125
1;9900;BANANAS;4866;24;;;;;4867;9;4873;24;;;4866.5;-103.421875
1;9900;PEARLS;9995;24;;;;;10005;24;;;;;10000.0;120.0
1;10000;PEARLS;9995;27;;;;;10005;27;;;;;10000.0;120.0
1;10000;BANANAS;4866;27;;;;;4873;27;;;;;4869.5;-97.21875
1;10100;BANANAS;4866;21;;;;;4873;21;;;;;4869.5;-97.3046875
1;10100;PEARLS;10002;4;9996;1;9995;20;10004;1;10005;20;;;10003.0;120.0
1;10200;PEARLS;9995;20;;;;;10005;20;;;;;10000.0;128.0
1;10200;BANANAS;4866;20;;;;;4873;20;;;;;4869.5;-89.75
1;10300;BANANAS;4867;25;;;;;4873;25;;;;;4870.0;-88.8125
1;10300;PEARLS;9996;1;9995;24;;;10004;1;10005;24;;;10000.0;128.0
1;10400;PEARLS;9995;25;;;;;10005;25;;;;;10000.0;128.0
1;10400;BANANAS;4866;25;;;;;4873;25;;;;;4869.5;-91.71875
1;10500;BANANAS;4866;26;;;;;4873;26;;;;;4869.5;-91.0390625
1;10500;PEARLS;9995;26;;;;;10005;26;;;;;10000.0;128.0
1;10600;PEARLS;9995;20;;;;;10005;20;;;;;10000.0;128.0
1;10600;BANANAS;4867;20;;;;;4873;20;;;;;4870.0;-89.1328125
1;10700;BANANAS;4866;24;;;;;4873;24;;;;;4869.5;-89.7109375
1;10700;PEARLS;9995;24;;;;;9998;3;10005;24;;;9996.5;128.0
1;10800;PEARLS;9995;23;;;;;10002;1;10005;23;;;9998.5;134.0
1;10800;BANANAS;4866;23;;;;;4871;1;4873;23;;;4868.5;-92.84375
1;10900;BANANAS;4866;23;;;;;4873;23;;;;;4869.5;-98.1953125
1;10900;PEARLS;9996;1;9995;22;;;10000;6;10004;1;10005;22;9998.0;134.0
1;11000;PEARLS;9996;1;9995;26;;;10004;1;10005;26;;;10000.0;134.0
1;11000;BANANAS;4866;27;;;;;4867;9;4873;27;;;4866.5;-97.109375
1;11100;BANANAS;4866;31;;;;;4871;1;4873;31;;;4868.5;-99.2578125
1;11100;PEARLS;9996;1;9995;30;;;10002;1;10004;1;10005;30;9999.0;134.0
1;11200;PEARLS;9996;2;9995;28;;;10004;2;10005;28;;;10000.0;134.0
1;11200;BANANAS;4867;30;;;;;4874;30;;;;;4870.5;-79.0
1;11300;PEARLS;9996;2;9995;25;;;10002;2;10004;2;10005;25;9999.0;134.0
1;11300;BANANAS;4867;27;;;;;4872;2;4874;27;;;4869.5;-81.2890625
1;11400;PEARLS;9995;30;;;;;10005;30;;;;;10000.0;134.0
1;11400;BANANAS;4867;30;;;;;4874;30;;;;;4870.5;-77.7265625
1;11500;PEARLS;9996;1;9995;28;;;10004;1;10005;28;;;10000.0;134.0
1;11500;BANANAS;4868;1;4867;28;;;4874;29;;;;;4871.0;-74.25
1;11600;PEARLS;9996;2;9995;22;;;10004;2;10005;22;;;10000.0;134.0
1;11600;BANANAS;4868;24;;;;;4874;2;4875;22;;;4871.0;-63.6875
1;11700;PEARLS;10000;4;9996;2;9995;20;10004;2;10005;20;;;10002.0;134.0
1;11700;BANANAS;4868;22;;;;;4874;22;;;;;4871.0;-67.7578125
1;11800;PEARLS;9998;10;9996;1;9995;21;10004;1;10005;21;;;10001.0;134.0
1;11800;BANANAS;4869;10;4868;22;;;4874;22;;;;;4871.5;-67.2109375
1;11900;BANANAS;4869;1;4868;23;;;4875;23;;;;;4872.0;-57.40625
1;11900;PEARLS;10002;1;10000;4;9998;1;10004;1;10005;22;;;10003.0;134.0
1;12000;BANANAS;4868;28;;;;;4875;28;;;;;4871.5;-57.7578125
1;12000;PEARLS;9996;1;9995;27;;;10004;1;10005;27;;;10000.0;136.0
1;12100;BANANAS;4868;25;;;;;4874;2;4875;23;;;4871.0;-63.0
1;12100;PEARLS;9996;2;9995;23;;;9998;8;10004;2;10005;23;9997.0;136.0
1;12200;BANANAS;4868;25;;;;;4874;2;4875;23;;;4871.0;-62.125
1;12200;PEARLS;9996;2;9995;23;;;10004;2;10005;23;;;10000.0;148.0
1;12300;PEARLS;9996;1;9995;24;;;10002;3;10004;1;10005;24;9999.0;148.0
1;12300;BANANAS;4868;25;;;;;4873;3;4874;1;4875;24;4870.5;-61.7578125
1;12400;PEARLS;10002;1;9998;5;9995;29;10005;29;;;;;10003.5;148.0
1;12400;BANANAS;4869;5;4868;29;;;4875;29;;;;;4872.0;-59.0546875
1;12500;PEARLS;10000;3;9996;1;9995;22;10004;1;10005;22;;;10002.0;150.0
1;12500;BANANAS;4867;23;;;;;4873;1;4874;22;;;4870.0;-83.984375
1;12600;PEARLS;10000;4;9995;26;;;10005;26;;;;;10002.5;150.0
1;12600;BANANAS;4867;26;;;;;4874;26;;;;;4870.5;-83.5078125
1;12700;PEARLS;10002;1;9996;1;9995;27;10004;1;10005;27;;;10003.0;150.0
1;12700;BANANAS;4867;28;;;;;4872;1;4873;1;4874;27;4869.5;-83.25
1;12800;PEARLS;10000;4;9996;2;9995;28;10002;9;10004;2;10005;28;10001.0;152.0
1;12800;BANANAS;4867;30;;;;;4872;9;4874;30;;;4869.5;-77.4453125
1;12900;PEARLS;9996;2;9995;21;;;10002;4;10004;2;10005;21;9999.0;152.0
1;12900;BANANAS;4867;23;;;;;4872;4;4874;23;;;4869.5;-79.2109375
1;13000;PEARLS;9996;2;9995;30;;;10002;2;10004;2;10005;30;9999.0;152.0
1;13000;BANANAS;4867;32;;;;;4872;2;4873;2;4874;30;4869.5;-85.9765625
1;13100;PEARLS;9995;21;;;;;10000;2;10005;21;;;9997.5;152.0
1;13100;BANANAS;4867;21;;;;;4873;21;;;;;4870.0;-87.203125
1;13200;PEARLS;9998;9;9996;2;9995;29;10004;2;10005;29;;;10001.0;152.0
1;13200;BANANAS;4871;1;4867;9;4866;31;4873;31;;;;;4872.0;-96.78125
1;13300;PEARLS;10002;2;9996;1;9995;22;10004;1;10005;22;;;10003.0;152.0
1;13300;BANANAS;4866;1;4865;22;;;4872;23;;;;;4869.0;-112.4921875
1;13400;BANANAS;4865;26;;;;;4872;26;;;;;4868.5;-115.3125
1;13400;PEARLS;9995;26;;;;;10005;26;;;;;10000.0;156.0
1;13500;BANANAS;4870;5;4866;1;4865;24;4872;25;;;;;4871.0;-110.8828125
1;13500;PEARLS;9996;1;9995;24;;;10004;1;10005;24;;;10000.0;156.0
1;13600;BANANAS;4866;26;;;;;4870;6;4872;26;;;4868.0;-108.5546875
1;13600;PEARLS;9996;2;9995;24;;;10002;6;10004;2;10005;24;9999.0;156.0
1;13700;BANANAS;4870;2;4865;28;;;4872;28;;;;;4871.0;-115.65625
1;13700;PEARLS;10002;1;9995;28;;;10005;28;;;;;10003.5;156.0
1;13800;BANANAS;4867;1;4866;23;;;4873;23;;;;;4870.0;-98.625
1;13800;PEARLS;9998;1;9995;23;;;10005;23;;;;;10001.5;158.0
1;13900;BANANAS;4866;21;;;;;4873;21;;;;;4869.5;-96.015625
1;13900;PEARLS;9996;1;9995;20;;;10004;1;10005;20;;;10000.0;158.0
1;14000;BANANAS;4868;1;4867;29;;;4873;1;4874;28;;;4870.5;-84.484375
1;14000;PEARLS;10002;6;9998;1;9996;1;10004;1;10005;28;;;10003.0;158.0
1;14100;BANANAS;4867;22;;;;;4872;4;4874;22;;;4869.5;-79.1875
1;14100;PEARLS;9996;2;9995;20;;;10002;4;10004;2;10005;20;9999.0;170.0
1;14200;BANANAS;4867;21;;;;;4874;21;;;;;4870.5;-79.984375
1;14200;PEARLS;9995;21;;;;;10005;21;;;;;10000.0;170.0
1;14300;PEARLS;9996;1;9995;21;;;10004;1;10005;21;;;10000.0;170.0
1;14300;BANANAS;4871;2;4867;22;;;4873;1;4874;21;;;4872.0;-83.078125
1;14400;PEARLS;10002;4;9996;2;9995;21;10004;2;10005;21;;;10003.0;170.0
1;14400;BANANAS;4867;22;;;;;4873;23;;;;;4870.0;-88.015625
1;14500;BANANAS;4867;1;4866;28;;;4871;10;4873;29;;;4869.0;-94.296875
1;14500;PEARLS;9996;1;9995;28;;;10002;10;10004;1;10005;28;9999.0;178.0
1;14600;BANANAS;4866;27;;;;;4867;10;4873;28;;;4866.5;-94.40625
1;14600;PEARLS;9996;1;9995;27;;;10004;1;10005;27;;;10000.0;178.0
1;14700;PEARLS;9996;1;9995;23;;;10004;1;10005;23;;;10000.0;178.0
1;14700;BANANAS;4866;1;4865;23;;;4872;24;;;;;4869.0;-109.9609375
1;14800;PEARLS;9996;1;9995;30;;;9998;1;10004;1;10005;30;9997.0;178.0
1;14800;BANANAS;4866;31;;;;;4868;4;4872;31;;;4867.0;-109.53125
1;14900;BANANAS;4865;26;;;;;4870;1;4872;26;;;4867.5;-116.53125
1;14900;PEARLS;9996;1;9995;25;;;10002;1;10004;1;10005;25;9999.0;180.0
1;15000;BANANAS;4865;26;;;;;4871;2;4872;25;;;4868.0;-123.421875
1;15000;PEARLS;9996;2;9995;25;;;10004;2;10005;25;;;10000.0;180.0
1;15100;PEARLS;9996;1;9995;20;;;9998;1;10004;1;10005;20;9997.0;180.0
1;15100;BANANAS;4864;21;;;;;4871;21;;;;;4867.5;-135.59375
1;15200;PEARLS;10000;4;9996;2;9995;21;10002;4;10004;2;10005;21;10001.0;182.0
1;15200;BANANAS;4868;3;4864;23;;;4869;4;4871;23;;;4868.5;-138.234375
1;15300;BANANAS;4864;24;;;;;4869;7;4870;2;4871;22;4866.5;-142.1796875
1;15300;PEARLS;9996;2;9995;22;;;10002;7;10004;2;10005;22;9999.0;182.0
1;15400;BANANAS;4864;30;;;;;4871;30;;;;;4867.5;-141.015625
1;15400;PEARLS;9995;30;;;;;10005;30;;;;;10000.0;182.0
1;15500;PEARLS;9995;25;;;;;9998;11;10005;25;;;9996.5;182.0
1;15500;BANANAS;4864;25;;;;;4871;25;;;;;4867.5;-135.515625
1;15600;PEARLS;9996;1;9995;22;;;10004;1;10005;22;;;10000.0;204.0
1;15600;BANANAS;4864;23;;;;;4870;1;4871;22;;;4867.0;-145.4375
1;15700;PEARLS;9996;2;9995;28;;;10004;2;10005;28;;;10000.0;204.0
1;15700;BANANAS;4864;2;4863;28;;;4870;30;;;;;4867.0;-151.5
1;15800;PEARLS;9998;6;9996;2;9995;26;10004;2;10005;26;;;10001.0;204.0
1;15800;BANANAS;4864;6;4863;28;;;4870;28;;;;;4867.0;-161.234375
1;15900;PEARLS;9996;1;9995;20;;;10002;8;10004;1;10005;20;9999.0;204.0
1;15900;BANANAS;4864;21;;;;;4868;8;4870;21;;;4866.0;-149.1875
1;16000;PEARLS;9996;2;9995;20;;;10004;2;10005;20;;;10000.0;204.0
1;16000;BANANAS;4862;20;;;;;4863;5;4869;22;;;4862.5;-170.25
1;16100;PEARLS;9996;1;9995;26;;;10004;1;10005;26;;;10000.0;204.0
1;16100;BANANAS;4863;27;;;;;4869;1;4870;26;;;4866.0;-164.859375
1;16200;PEARLS;9995;27;;;;;10002;4;10005;27;;;9998.5;204.0
1;16200;BANANAS;4863;26;;;;;4868;7;4870;27;;;4865.5;-163.515625
1;16300;BANANAS;4863;22;;;;;4869;1;4870;21;;;4866.0;-161.78125
1;16300;PEARLS;9996;1;9995;21;;;10004;1;10005;21;;;10000.0;204.0
1;16400;BANANAS;4863;27;;;;;4868;6;4870;27;;;4865.5;-161.2109375
1;16400;PEARLS;9996;2;9995;25;;;10002;6;10004;2;10005;25;9999.0;204.0
1;16500;BANANAS;4863;22;;;;;4870;22;;;;;4866.5;-162.90625
1;16500;PEARLS;9995;22;;;;;10005;22;;;;;10000.0;204.0
1;16600;BANANAS;4862;26;;;;;4869;26;;;;;4865.5;-171.3671875
1;16600;PEARLS;9995;26;;;;;10005;26;;;;;10000.0;204.0
1;16700;PEARLS;10002;1;9998;2;9995;25;10005;25;;;;;10003.5;204.0
1;16700;BANANAS;4864;2;4863;25;;;4870;25;;;;;4867.0;-160.765625
1;16800;PEARLS;10000;2;9996;2;9995;25;10004;2;10005;25;;;10002.0;206.0
1;16800;BANANAS;4863;2;4862;25;;;4869;27;;;;;4866.0;-171.0625
1;16900;PEARLS;9996;2;9995;22;;;10004;2;10005;22;;;10000.0;206.0
1;16900;BANANAS;4862;24;;;;;4868;2;4869;22;;;4865.0;-182.234375
1;17000;PEARLS;9996;1;9995;25;;;10004;1;10005;25;;;10000.0;206.0
1;17000;BANANAS;4862;26;;;;;4869;26;;;;;4865.5;-179.421875
1;17100;PEARLS;9996;1;9995;26;;;10004;1;10005;26;;;10000.0;206.0
1;17100;BANANAS;4862;27;;;;;4869;27;;;;;4865.5;-174.8125
1;17200;PEARLS;9996;1;9995;27;;;10004;1;10005;27;;;10000.0;206.0
1;17200;BANANAS;4861;28;;;;;4868;28;;;;;4864.5;-197.0
1;17300;PEARLS;9996;1;9995;27;;;10004;1;10005;27;;;10000.0;206.0
1;17300;BANANAS;4861;28;;;;;4868;28;;;;;4864.5;-200.8203125
1;17400;PEARLS;9995;25;;;;;9998;11;10005;25;;;9996.5;206.0
1;17400;BANANAS;4861;25;;;;;4868;25;;;;;4864.5;-196.53125
1;17500;PEARLS;9996;2;9995;26;;;10004;2;10005;26;;;10000.0;208.0
1;17500;BANANAS;4861;28;;;;;4867;28;;;;;4864.0;-208.609375
1;17600;PEARLS;9996;1;9995;29;;;10004;1;10005;29;;;10000.0;208.0
1;17600;BANANAS;4861;30;;;;;4867;1;4868;29;;;4864.0;-205.265625
1;17700;PEARLS;9998;2;9995;22;;;10005;22;;;;;10001.5;208.0
1;17700;BANANAS;4862;2;4861;22;;;4868;22;;;;;4865.0;-199.3359375
1;17800;BANANAS;4862;32;;;;;4866;5;4868;32;;;4864.0;-187.375
1;17800;PEARLS;9996;2;9995;30;;;9998;3;10002;5;10004;2;9997.0;208.0
1;17900;BANANAS;4861;21;;;;;4866;2;4868;21;;;4863.5;-198.171875
1;17900;PEARLS;9995;21;;;;;9998;1;10002;3;10005;21;9996.5;208.0
1;18000;BANANAS;4861;24;;;;;4868;24;;;;;4864.5;-195.40625
1;18000;PEARLS;9995;24;;;;;10005;24;;;;;10000.0;208.0
1;18100;BANANAS;4861;30;;;;;4868;30;;;;;4864.5;-197.6484375
1;18100;PEARLS;9996;2;9995;28;;;10004;2;10005;28;;;10000.0;208.0
1;18200;BANANAS;4862;25;;;;;4866;10;4868;25;;;4864.0;-187.453125
1;18200;PEARLS;9996;2;9995;23;;;10002;10;10004;2;10005;23;9999.0;208.0
1;18300;BANANAS;4862;20;;;;;4869;20;;;;;4865.5;-181.515625
1;18300;PEARLS;9995;20;;;;;10005;20;;;;;10000.0;208.0
1;18400;BANANAS;4868;1;4862;22;;;4869;22;;;;;4868.5;-175.15625
1;18400;PEARLS;9996;1;9995;21;;;10004;1;10005;21;;;10000.0;208.0
1;18500;BANANAS;4867;1;4862;23;;;4869;23;;;;;4868.0;-180.6875
1;18500;PEARLS;9996;2;9995;21;;;10004;2;10005;21;;;10000.0;208.0
1;18600;PEARLS;9996;1;9995;21;;;10004;1;10005;21;;;10000.0;208.0
1;18600;BANANAS;4863;1;4862;21;;;4869;22;;;;;4866.0;-171.2734375
1;18700;BANANAS;4862;30;;;;;4869;30;;;;;4865.5;-169.71875
1;18700;PEARLS;10002;1;9995;30;;;10005;30;;;;;10003.5;208.0
1;18800;PEARLS;9995;24;;;;;10002;7;10005;24;;;9998.5;210.0
1;18800;BANANAS;4862;24;;;;;4867;7;4868;24;;;4864.5;-186.8125
1;18900;BANANAS;4866;8;4861;25;;;4868;25;;;;;4867.0;-192.6484375
1;18900;PEARLS;10002;1;9995;25;;;10005;25;;;;;10003.5;210.0
1;19000;PEARLS;9996;1;9995;30;;;10004;1;10005;30;;;10000.0;212.0
1;19000;BANANAS;4862;31;;;;;4868;31;;;;;4865.0;-186.8203125
1;19100;BANANAS;4862;23;;;;;4869;23;;;;;4865.5;-181.1328125
1;19100;PEARLS;9996;2;9995;21;;;10004;2;10005;21;;;10000.0;212.0
1;19200;PEARLS;9995;26;;;;;10002;1;10005;26;;;9998.5;212.0
1;19200;BANANAS;4862;26;;;;;4867;1;4869;26;;;4864.5;-179.875
1;19300;BANANAS;4863;2;4862;25;;;4868;2;4869;23;;;4865.5;-184.609375
1;19300;PEARLS;9996;2;9995;23;;;9998;6;10004;2;10005;23;9997.0;212.0
1;19400;PEARLS;9996;2;9995;24;;;10002;5;10004;2;10005;24;9999.0;216.0
1;19400;BANANAS;4862;26;;;;;4867;5;4868;26;;;4864.5;-186.5546875
1;19500;BANANAS;4862;23;;;;;4869;23;;;;;4865.5;-184.296875
1;19500;PEARLS;9995;23;;;;;10005;23;;;;;10000.0;216.0
1;19600;PEARLS;10002;1;9998;5;9996;1;10004;1;10005;26;;;10003.0;216.0
1;19600;BANANAS;4862;27;;;;;4863;4;4869;27;;;4862.5;-178.7109375
1;19700;BANANAS;4862;31;;;;;4869;31;;;;;4865.5;-181.28125
1;19700;PEARLS;9996;2;9995;29;;;10004;2;10005;29;;;10000.0;218.0
1;19800;PEARLS;9996;2;9995;26;;;10004;2;10005;26;;;10000.0;218.0
1;19800;BANANAS;4862;28;;;;;4868;28;;;;;4865.0;-188.640625
1;19900;BANANAS;4862;1;4861;22;;;4868;23;;;;;4865.0;-193.921875
1;19900;PEARLS;9996;1;9995;22;;;9998;1;10004;1;10005;22;9997.0;218.0
1;20000;PEARLS;9995;26;;;;;9998;1;10005;26;;;9996.5;220.0
1;20000;BANANAS;4862;26;;;;;4863;12;4868;26;;;4862.5;-187.2109375
1;20100;PEARLS;9996;1;9995;29;;;9998;4;10004;1;10005;29;9997.0;220.0
1;20100;BANANAS;4862;30;;;;;4868;30;;;;;4865.0;-187.75
1;20200;PEARLS;10002;1;9995;20;;;10005;20;;;;;10003.5;220.0
1;20200;BANANAS;4861;20;;;;;4868;20;;;;;4864.5;-198.4375
1;20300;PEARLS;10002;4;9995;24;;;10005;24;;;;;10003.5;222.0
1;20300;BANANAS;4860;24;;;;;4867;24;;;;;4863.5;-209.921875
1;20400;PEARLS;10002;2;9996;1;9995;27;10004;1;10005;27;;;10003.0;230.0
1;20400;BANANAS;4861;28;;;;;4867;28;;;;;4864.0;-206.453125
1;20500;PEARLS;9998;7;9996;1;9995;25;10004;1;10005;25;;;10001.0;234.0
1;20500;BANANAS;4861;8;4860;25;;;4867;26;;;;;4864.0;-213.421875
1;20600;PEARLS;9996;1;9995;24;;;9998;4;10002;5;10004;1;9997.0;234.0
1;20600;BANANAS;4860;25;;;;;4865;5;4866;1;4867;24;4862.5;-221.625
1;20700;PEARLS;9995;30;;;;;10005;30;;;;;10000.0;242.0
1;20700;BANANAS;4860;30;;;;;4867;30;;;;;4863.5;-221.578125
1;20800;BANANAS;4860;2;4859;24;;;4866;26;;;;;4863.0;-231.8203125
1;20800;PEARLS;9996;2;9995;24;;;10004;2;10005;24;;;10000.0;242.0
1;20900;BANANAS;4860;30;;;;;4866;31;;;;;4863.0;-227.859375
1;20900;PEARLS;9996;2;9995;29;;;10004;2;10005;29;;;10000.0;242.0
1;21000;BANANAS;4860;26;;;;;4861;13;4863;5;4866;1;4860.5;-223.71875
1;21000;PEARLS;9996;1;9995;25;;;10004;1;10005;25;;;10000.0;242.0
1;21100;BANANAS;4860;28;;;;;4866;28;;;;;4863.0;-229.53125
1;21100;PEARLS;9995;28;;;;;10000;2;10005;28;;;9997.5;242.0
1;21200;PEARLS;9995;29;;;;;9998;1;10005;29;;;9996.5;242.0
1;21200;BANANAS;4865;1;4859;29;;;4866;29;;;;;4865.5;-232.265625
1;21300;PEARLS;9995;22;;;;;10005;22;;;;;10000.0;244.0
1;21300;BANANAS;4859;22;;;;;4866;22;;;;;4862.5;-234.7890625
1;21400;PEARLS;9996;1;9995;29;;;10004;1;10005;29;;;10000.0;244.0
1;21400;BANANAS;4859;30;;;;;4866;30;;;;;4862.5;-236.265625
1;21500;PEARLS;9996;2;9995;28;;;10004;2;10005;28;;;10000.0;244.0
1;21500;BANANAS;4859;30;;;;;4866;30;;;;;4862.5;-235.8515625
1;21600;PEARLS;9998;5;9996;2;9995;20;10004;2;10005;20;;;10001.0;244.0
1;21600;BANANAS;4864;1;4860;5;4859;22;4866;22;;;;;4865.0;-234.65625
1;21700;PEARLS;9996;2;9995;25;;;10004;2;10005;25;;;10000.0;244.0
1;21700;BANANAS;4859;27;;;;;4866;27;;;;;4862.5;-236.125
1;21800;PEARLS;9996;1;9995;25;;;10004;1;10005;25;;;10000.0;244.0
1;21800;BANANAS;4859;26;;;;;4866;26;;;;;4862.5;-235.8828125
1;21900;PEARLS;9995;27;;;;;10002;3;10005;27;;;9998.5;244.0
1;21900;BANANAS;4859;27;;;;;4864;3;4866;27;;;4861.5;-236.734375
1;22000;PEARLS;9996;2;9995;20;;;10004;2;10005;20;;;10000.0;244.0
1;22000;BANANAS;4860;22;;;;;4866;2;4867;20;;;4863.0;-224.640625
1;22100;PEARLS;9995;22;;;;;10005;22;;;;;10000.0;244.0
1;22100;BANANAS;4865;1;4860;22;;;4867;22;;;;;4866.0;-225.8515625
1;22200;PEARLS;10002;1;9995;23;;;10005;23;;;;;10003.5;244.0
1;22200;BANANAS;4860;23;;;;;4867;23;;;;;4863.5;-218.4609375
1;22300;BANANAS;4860;30;;;;;4867;30;;;;;4863.5;-215.671875
1;22300;PEARLS;9996;2;9995;28;;;10004;2;10005;28;;;10000.0;246.0
1;22400;BANANAS;4860;24;;;;;4865;3;4867;24;;;4862.5;-218.7890625
1;22400;PEARLS;9996;1;9995;23;;;10002;2;10004;1;10005;23;9999.0;246.0
1;22500;BANANAS;4866;1;4861;2;4860;27;4867;27;;;;;4866.5;-214.78125
1;22500;PEARLS;9998;2;9995;27;;;10005;27;;;;;10001.5;246.0
1;22600;BANANAS;4865;1;4861;5;4860;26;4867;26;;;;;4866.0;-216.6875
1;22600;PEARLS;9998;5;9996;1;9995;25;10004;1;10005;25;;;10001.0;246.0
1;22700;BANANAS;4861;1;4860;25;;;4865;9;4867;26;;;4863.0;-210.921875
1;22700;PEARLS;9996;1;9995;25;;;10002;9;10004;1;10005;25;9999.0;246.0
1;22800;BANANAS;4861;1;4860;26;;;4867;27;;;;;4864.0;-214.234375
1;22800;PEARLS;10002;1;9996;1;9995;26;10004;1;10005;26;;;10003.0;246.0
1;22900;BANANAS;4860;22;;;;;4867;23;;;;;4863.5;-214.0234375
1;22900;PEARLS;10002;2;9996;1;9995;22;10004;1;10005;22;;;10003.0;248.0
1;23000;PEARLS;9996;1;9995;20;;;10002;2;10004;1;10005;20;9999.0;252.0
1;23000;BANANAS;4860;21;;;;;4865;2;4867;21;;;4862.5;-219.0
1;23100;BANANAS;4860;28;;;;;4866;28;;;;;4863.0;-227.390625
1;23100;PEARLS;9996;2;9995;26;;;10004;2;10005;26;;;10000.0;252.0
1;23200;BANANAS;4860;24;;;;;4865;4;4866;1;4867;24;4862.5;-221.7578125
1;23200;PEARLS;9996;1;9995;24;;;10002;4;10004;1;10005;24;9999.0;252.0
1;23300;PEARLS;9996;2;9995;21;;;10004;2;10005;21;;;10000.0;252.0
1;23300;BANANAS;4860;23;;;;;4863;4;4866;23;;;4861.5;-226.578125
1;23400;PEARLS;9996;1;9995;29;;;10004;1;10005;29;;;10000.0;252.0
1;23400;BANANAS;4860;30;;;;;4867;30;;;;;4863.5;-219.984375
1;23500;BANANAS;4865;1;4860;31;;;4867;31;;;;;4866.0;-216.578125
1;23500;PEARLS;9996;1;9995;30;;;10004;1;10005;30;;;10000.0;252.0
1;23600;BANANAS;4861;1;4860;25;;;4867;27;;;;;4864.0;-212.078125
1;23600;PEARLS;9996;2;9995;25;;;10004;2;10005;25;;;10000.0;252.0
1;23700;PEARLS;9996;1;9995;20;;;10004;1;10005;20;;;10000.0;252.0
1;23700;BANANAS;4866;1;4861;21;;;4867;21;;;;;4866.5;-206.3984375
1;23800;PEARLS;9995;22;;;;;10005;22;;;;;10000.0;252.0
1;23800;BANANAS;4862;22;;;;;4869;22;;;;;4865.5;-185.71875
1;23900;BANANAS;4862;27;;;;;4869;27;;;;;4865.5;-178.3984375
1;23900;PEARLS;9995;27;;;;;10005;27;;;;;10000.0;252.0
1;24000;BANANAS;4862;29;;;;;4869;29;;;;;4865.5;-182.734375
1;24000;PEARLS;9995;29;;;;;10005;29;;;;;10000.0;252.0
1;24100;PEARLS;9996;2;9995;20;;;10004;2;10005;20;;;10000.0;252.0
1;24100;BANANAS;4862;2;4861;20;;;4868;22;;;;;4865.0;-189.9375
1;24200;PEARLS;9996;1;9995;23;;;10002;7;10004;1;10005;23;9999.0;252.0
1;24200;BANANAS;4862;24;;;;;4867;7;4869;24;;;4864.5;-179.0546875
1;24300;BANANAS;4862;26;;;;;4868;27;;;;;4865.0;-187.5703125
1;24300;PEARLS;10002;1;9995;27;;;10005;27;;;;;10003.5;252.0
1;24400;BANANAS;4861;29;;;;;4868;29;;;;;4864.5;-197.875
1;24400;PEARLS;9996;1;9995;28;;;10004;1;10005;28;;;10000.0;254.0
1;24500;PEARLS;9996;2;9995;24;;;10002;10;10004;2;10005;24;9999.0;254.0
1;24500;BANANAS;4861;26;;;;;4865;10;4867;26;;;4863.0;-209.484375
1;24600;PEARLS;9996;2;9995;22;;;10002;10;10004;2;10005;22;9999.0;254.0
1;24600;BANANAS;4862;2;4861;22;;;4864;2;4866;10;4868;24;4863.0;-193.25
1;24700;PEARLS;9996;2;9995;20;;;10004;2;10005;20;;;10000.0;254.0
1;24700;BANANAS;4865;6;4862;22;;;4869;22;;;;;4867.0;-181.1953125
1;24800;PEARLS;9995;28;;;;;10005;28;;;;;10000.0;254.0
1;24800;BANANAS;4862;28;;;;;4865;1;4869;28;;;4863.5;-174.59375
1;24900;PEARLS;9998;7;9995;24;;;10005;24;;;;;10001.5;254.0
1;24900;BANANAS;4864;7;4863;24;;;4870;24;;;;;4867.0;-161.84375
1;25000;PEARLS;10002;1;9996;1;9995;27;10004;1;10005;27;;;10003.0;254.0
1;25000;BANANAS;4863;28;;;;;4869;28;;;;;4866.0;-169.3671875
1;25100;PEARLS;9998;8;9996;1;9995;26;10004;1;10005;26;;;10001.0;256.0
1;25100;BANANAS;4867;1;4864;9;4863;27;4869;1;4870;26;;;4868.0;-161.90625
1;25200;BANANAS;4864;2;4863;24;;;4870;26;;;;;4867.0;-151.4453125
1;25200;PEARLS;9996;2;9995;24;;;10000;4;10004;2;10005;24;9998.0;256.0
1;25300;BANANAS;4865;9;4864;22;;;4870;1;4871;21;;;4867.5;-143.3515625
1;25300;PEARLS;9998;9;9996;1;9995;21;10004;1;10005;21;;;10001.0;256.0
1;25400;BANANAS;4865;2;4864;27;;;4871;29;;;;;4868.0;-133.1953125
1;25400;PEARLS;10002;3;9996;2;9995;27;10004;2;10005;27;;;10003.0;256.0
1;25500;BANANAS;4865;1;4864;23;;;4871;24;;;;;4868.0;-131.5859375
1;25500;PEARLS;9996;1;9995;23;;;10004;1;10005;23;;;10000.0;262.0
1;25600;PEARLS;9995;24;;;;;10005;24;;;;;10000.0;262.0
1;25600;BANANAS;4865;24;;;;;4872;24;;;;;4868.5;-124.609375
1;25700;PEARLS;9996;1;9995;24;;;10004;1;10005;24;;;10000.0;262.0
1;25700;BANANAS;4865;25;;;;;4871;25;;;;;4868.0;-127.7265625
1;25800;PEARLS;10002;1;9996;2;9995;27;10004;2;10005;27;;;10003.0;262.0
1;25800;BANANAS;4865;29;;;;;4871;2;4872;27;;;4868.0;-121.84375
1;25900;PEARLS;9996;2;9995;27;;;10004;2;10005;27;;;10000.0;264.0
1;25900;BANANAS;4865;2;4864;27;;;4871;29;;;;;4868.0;-129.640625
1;26000;PEARLS;9995;27;;;;;10005;27;;;;;10000.0;264.0
1;26000;BANANAS;4870;1;4864;27;;;4871;27;;;;;4870.5;-132.015625
1;26100;PEARLS;10002;1;9998;3;9996;1;10004;1;10005;24;;;10003.0;264.0
1;26100;BANANAS;4870;1;4866;3;4865;25;4871;1;4872;24;;;4870.5;-121.8828125
1;26200;PEARLS;10002;1;9996;2;9995;27;10004;2;10005;27;;;10003.0;266.0
1;26200;BANANAS;4867;3;4865;2;4864;27;4871;29;;;;;4869.0;-126.046875
1;26300;PEARLS;9996;1;9995;25;;;10002;1;10004;1;10005;25;9999.0;268.0
1;26300;BANANAS;4865;25;;;;;4870;5;4871;26;;;4867.5;-122.8828125
1;26400;PEARLS;9995;27;;;;;10005;27;;;;;10000.0;268.0
1;26400;BANANAS;4865;27;;;;;4872;27;;;;;4868.5;-117.3984375
1;26500;PEARLS;9996;1;9995;21;;;10004;1;10005;21;;;10000.0;268.0
1;26500;BANANAS;4866;1;4865;21;;;4872;22;;;;;4869.0;-110.953125
1;26600;PEARLS;9996;2;9995;29;;;9998;4;10004;2;10005;29;9997.0;268.0
1;26600;BANANAS;4865;31;;;;;4871;2;4872;29;;;4868.0;-118.265625
1;26700;BANANAS;4872;1;4867;26;;;4873;26;;;;;4872.5;-87.5078125
1;26700;PEARLS;9995;26;;;;;10005;26;;;;;10000.0;276.0
1;26800;BANANAS;4868;7;4867;20;;;4874;20;;;;;4871.0;-83.109375
1;26800;PEARLS;10002;1;9998;7;9995;20;10005;20;;;;;10003.5;276.0
1;26900;BANANAS;4866;22;;;;;4873;22;;;;;4869.5;-88.0703125
1;26900;PEARLS;9995;22;;;;;10005;22;;;;;10000.0;278.0
1;27000;BANANAS;4867;3;4866;26;;;4869;5;4873;27;;;4868.0;-88.921875
1;27000;PEARLS;9998;2;9996;1;9995;26;10004;1;10005;26;;;10001.0;278.0
1;27100;BANANAS;4866;29;;;;;4871;9;4872;2;4873;27;4868.5;-98.2265625
1;27100;PEARLS;9996;2;9995;27;;;9998;1;10002;10;10004;2;9997.0;278.0
1;27200;BANANAS;4871;1;4867;3;4866;25;4872;2;4873;23;;;4871.5;-97.984375
1;27200;PEARLS;9998;3;9996;2;9995;23;10004;2;10005;23;;;10001.0;280.0
1;27300;BANANAS;4866;24;;;;;4871;8;4872;25;;;4868.5;-99.984375
1;27300;PEARLS;9995;25;;;;;10002;8;10005;25;;;9998.5;280.0
1;27400;PEARLS;9996;1;9995;22;;;9998;3;10004;1;10005;22;9997.0;280.0
1;27400;BANANAS;4866;1;4865;22;;;4872;23;;;;;4869.0;-105.609375
1;27500;BANANAS;4866;30;;;;;4873;30;;;;;4869.5;-98.8359375
1;27500;PEARLS;9995;30;;;;;10005;30;;;;;10000.0;286.0
1;27600;PEARLS;9996;2;9995;26;;;10002;4;10004;2;10005;26;9999.0;286.0
1;27600;BANANAS;4867;2;4866;26;;;4871;3;4873;28;;;4869.0;-89.5390625
1;27700;BANANAS;4867;32;;;;;4873;2;4874;30;;;4870.0;-83.0546875
1;27700;PEARLS;9996;2;9995;30;;;10004;2;10005;30;;;10000.0;286.0
1;27800;PEARLS;9998;2;9996;2;9995;20;10004;2;10005;20;;;10001.0;286.0
1;27800;BANANAS;4868;5;4867;22;;;4873;2;4874;20;;;4870.5;-83.0859375
1;27900;BANANAS;4867;29;;;;;4873;29;;;;;4870.0;-84.8671875
1;27900;PEARLS;9995;29;;;;;10005;29;;;;;10000.0;286.0
1;28000;PEARLS;9995;22;;;;;10005;22;;;;;10000.0;286.0
1;28000;BANANAS;4867;22;;;;;4873;22;;;;;4870.0;-84.015625
1;28100;BANANAS;4868;1;4867;20;;;4874;21;;;;;4871.0;-72.453125
1;28100;PEARLS;9996;1;9995;20;;;10004;1;10005;20;;;10000.0;286.0
1;28200;PEARLS;9995;23;;;;;10005;23;;;;;10000.0;286.0
1;28200;BANANAS;4868;23;;;;;4871;1;4875;23;;;4869.5;-66.1953125
1;28300;BANANAS;4868;30;;;;;4874;30;;;;;4871.0;-69.7578125
1;28300;PEARLS;9996;2;9995;28;;;10004;2;10005;28;;;10000.0;286.0
1;28400;PEARLS;9995;20;;;;;10002;8;10005;20;;;9998.5;286.0
1;28400;BANANAS;4868;20;;;;;4872;8;4874;20;;;4870.0;-69.9453125
1;28500;BANANAS;4868;29;;;;;4874;30;;;;;4871.0;-68.640625
1;28500;PEARLS;9996;2;9995;28;;;10004;2;10005;28;;;10000.0;286.0
1;28600;PEARLS;9996;2;9995;26;;;10000;5;10002;5;10004;2;9998.0;286.0
1;28600;BANANAS;4867;27;;;;;4872;5;4874;28;;;4869.5;-78.2265625
1;28700;BANANAS;4868;9;4867;22;;;4874;24;;;;;4871.0;-72.0234375
1;28700;PEARLS;9998;8;9996;2;9995;22;10004;2;10005;22;;;10001.0;286.0
1;28800;PEARLS;9995;21;;;;;10002;8;10005;21;;;9998.5;286.0
1;28800;BANANAS;4867;21;;;;;4872;8;4874;21;;;4869.5;-82.84375
1;28900;PEARLS;9996;1;9995;22;;;10002;5;10004;1;10005;22;9999.0;286.0
1;28900;BANANAS;4867;23;;;;;4871;5;4873;23;;;4869.0;-85.9765625
1;29000;PEARLS;10002;1;9996;2;9995;24;10004;2;10005;24;;;10003.0;286.0
1;29000;BANANAS;4867;2;4866;24;;;4873;26;;;;;4870.0;-88.921875
1;29100;PEARLS;9995;23;;;;;10002;2;10005;23;;;9998.5;288.0
1;29100;BANANAS;4866;23;;;;;4871;2;4873;23;;;4868.5;-87.4296875
1;29200;PEARLS;9996;1;9995;22;;;10004;1;10005;22;;;10000.0;288.0
1;29200;BANANAS;4866;23;;;;;4873;23;;;;;4869.5;-92.3203125
1;29300;PEARLS;9996;1;9995;22;;;10004;1;10005;22;;;10000.0;288.0
1;29300;BANANAS;4871;1;4866;23;;;4873;23;;;;;4872.0;-94.4140625
1;29400;PEARLS;9996;2;9995;23;;;10002;4;10004;2;10005;23;9999.0;288.0
1;29400;BANANAS;4865;25;;;;;4870;5;4872;25;;;4867.5;-105.6015625
1;29500;PEARLS;9998;6;9995;20;;;10005;20;;;;;10001.5;288.0
1;29500;BANANAS;4866;5;4865;20;;;4872;20;;;;;4869.0;-112.4140625
1;29600;PEARLS;9996;1;9995;26;;;10000;4;10004;1;10005;26;9998.0;288.0
1;29600;BANANAS;4865;27;;;;;4872;27;;;;;4868.5;-105.125
1;29700;BANANAS;4866;23;;;;;4871;7;4873;23;;;4868.5;-92.828125
1;29700;PEARLS;9996;1;9995;22;;;10002;7;10004;1;10005;22;9999.0;288.0
1;29800;BANANAS;4871;1;4866;25;;;4873;25;;;;;4872.0;-96.1328125
1;29800;PEARLS;9995;25;;;;;10005;25;;;;;10000.0;288.0
1;29900;BANANAS;4866;32;;;;;4872;32;;;;;4869.0;-96.0390625
1;29900;PEARLS;9996;2;9995;30;;;10004;2;10005;30;;;10000.0;288.0
1;30000;PEARLS;9998;10;9996;2;9995;23;10004;2;10005;23;;;10001.0;288.0
1;30000;BANANAS;4867;10;4866;25;;;4872;2;4873;23;;;4869.5;-92.53125
1;30100;PEARLS;9996;1;9995;20;;;10004;1;10005;20;;;10000.0;288.0
1;30100;BANANAS;4866;21;;;;;4873;21;;;;;4869.5;-91.609375
1;30200;PEARLS;9996;2;9995;28;;;9998;1;10002;8;10004;2;9997.0;288.0
1;30200;BANANAS;4866;30;;;;;4867;2;4871;8;4872;2;4866.5;-93.2421875
1;30300;PEARLS;10002;4;9996;2;9995;29;10004;2;10005;29;;;10003.0;288.0
1;30300;BANANAS;4866;2;4865;29;;;4872;31;;;;;4869.0;-94.3828125
1;30400;PEARLS;9995;30;;;;;10005;30;;;;;10000.0;296.0
1;30400;BANANAS;4866;30;;;;;4873;30;;;;;4869.5;-79.1875
1;30500;PEARLS;9996;2;9995;28;;;10004;2;10005;28;;;10000.0;296.0
1;30500;BANANAS;4867;2;4866;28;;;4873;30;;;;;4870.0;-78.921875
1;30600;PEARLS;10002;1;9996;2;9995;30;10004;2;10005;30;;;10003.0;296.0
1;30600;BANANAS;4867;32;;;;;4873;2;4874;30;;;4870.0;-75.265625
1;30700;PEARLS;9996;2;9995;27;;;10004;2;10005;27;;;10000.0;298.0
1;30700;BANANAS;4867;2;4866;27;;;4873;29;;;;;4870.0;-79.7578125
1;30800;PEARLS;9998;8;9996;2;9995;29;10004;2;10005;29;;;10001.0;298.0
1;30800;BANANAS;4867;8;4866;31;;;4873;31;;;;;4870.0;-83.34375
1;30900;PEARLS;9995;21;;;;;10005;21;;;;;10000.0;298.0
1;30900;BANANAS;4866;21;;;;;4873;21;;;;;4869.5;-87.1328125
1;31000;PEARLS;9996;2;9995;26;;;10002;2;10004;2;10005;26;9999.0;298.0
1;31000;BANANAS;4866;28;;;;;4871;2;4872;2;4873;26;4868.5;-91.0078125
1;31100;BANANAS;4871;1;4866;23;;;4872;23;;;;;4871.5;-92.7890625
1;31100;PEARLS;10002;1;9995;23;;;10005;23;;;;;10003.5;298.0
1;31200;BANANAS;4866;21;;;;;4871;7;4872;1;4873;21;4868.5;-87.2265625
1;31200;PEARLS;9996;1;9995;21;;;10002;6;10004;1;10005;21;9999.0;300.0
1;31300;BANANAS;4866;22;;;;;4873;22;;;;;4869.5;-82.4609375
1;31300;PEARLS;9996;2;9995;20;;;10004;2;10005;20;;;10000.0;300.0
1;31400;BANANAS;4866;22;;;;;4871;3;4873;22;;;4868.5;-85.8828125
1;31400;PEARLS;9995;22;;;;;10005;22;;;;;10000.0;300.0
1;31500;BANANAS;4866;22;;;;;4873;22;;;;;4869.5;-83.828125
1;31500;PEARLS;9996;1;9995;21;;;10004;1;10005;21;;;10000.0;300.0
1;31600;BANANAS;4866;24;;;;;4872;24;;;;;4869.0;-91.984375
1;31600;PEARLS;9995;24;;;;;9998;3;10005;24;;;9996.5;300.0
1;31700;BANANAS;4865;29;;;;;4870;4;4872;29;;;4867.5;-100.578125
1;31700;PEARLS;9995;29;;;;;10002;3;10005;29;;;9998.5;306.0
1;31800;BANANAS;4865;24;;;;;4870;2;4871;24;;;4867.5;-105.109375
1;31800;PEARLS;9996;2;9995;22;;;10002;2;10004;2;10005;22;9999.0;306.0
1;31900;PEARLS;9996;2;9995;26;;;10004;2;10005;26;;;10000.0;306.0
1;31900;BANANAS;4864;28;;;;;4871;28;;;;;4867.5;-114.125
1;32000;PEARLS;9996;2;9995;20;;;10002;10;10004;2;10005;20;9999.0;306.0
1;32000;BANANAS;4865;22;;;;;4869;10;4871;22;;;4867.0;-106.1171875
1;32100;BANANAS;4866;9;4865;25;;;4872;25;;;;;4869.0;-100.4375
1;32100;PEARLS;9998;9;9995;25;;;10005;25;;;;;10001.5;306.0
1;32200;BANANAS;4865;25;;;;;4870;5;4872;25;;;4867.5;-98.1328125
1;32200;PEARLS;9996;1;9995;24;;;10002;5;10004;1;10005;24;9999.0;306.0
1;32300;PEARLS;10000;3;9996;2;9995;30;10004;2;10005;30;;;10002.0;306.0
1;32300;BANANAS;4866;32;;;;;4872;32;;;;;4869.0;-91.4609375
1;32400;PEARLS;9998;2;9995;29;;;10005;29;;;;;10001.5;306.0
1;32400;BANANAS;4867;2;4866;29;;;4873;29;;;;;4870.0;-86.9765625
1;32500;BANANAS;4865;26;;;;;4872;26;;;;;4868.5;-100.890625
1;32500;PEARLS;10002;1;9996;2;9995;24;10004;2;10005;24;;;10003.0;306.0
1;32600;BANANAS;4866;1;4865;28;;;4872;28;;;;;4869.0;-100.5859375
1;32600;PEARLS;9998;1;9996;2;9995;26;10004;2;10005;26;;;10001.0;308.0
1;32700;PEARLS;9996;2;9995;30;;;10004;2;10005;30;;;10000.0;308.0
1;32700;BANANAS;4865;32;;;;;4872;32;;;;;4868.5;-97.1796875
1;32800;PEARLS;9995;29;;;;;10005;29;;;;;10000.0;308.0
1;32800;BANANAS;4865;29;;;;;4872;29;;;;;4868.5;-103.2734375
1;32900;BANANAS;4865;21;;;;;4870;10;4872;21;;;4867.5;-100.8359375
1;32900;PEARLS;9996;1;9995;20;;;10002;10;10004;1;10005;20;9999.0;308.0
1;33000;BANANAS;4866;2;4865;28;;;4872;28;;;;;4869.0;-100.90625
1;33000;PEARLS;9998;2;9995;28;;;10005;28;;;;;10001.5;308.0
1;33100;PEARLS;9996;1;9995;25;;;10004;1;10005;25;;;10000.0;308.0
1;33100;BANANAS;4865;26;;;;;4871;26;;;;;4868.0;-106.515625
1;33200;PEARLS;9996;1;9995;23;;;10004;1;10005;23;;;10000.0;308.0
1;33200;BANANAS;4871;1;4866;1;4865;23;4872;24;;;;;4871.5;-94.0234375
1;33300;BANANAS;4866;1;4865;30;;;4870;1;4872;31;;;4868.0;-90.859375
1;33300;PEARLS;9996;1;9995;30;;;10002;1;10004;1;10005;30;9999.0;308.0
1;33400;PEARLS;9995;20;;;;;10005;20;;;;;10000.0;308.0
1;33400;BANANAS;4866;20;;;;;4872;20;;;;;4869.0;-89.2265625
1;33500;PEARLS;9996;2;9995;21;;;10002;4;10004;2;10005;21;9999.0;308.0
1;33500;BANANAS;4866;2;4865;21;;;4870;4;4872;23;;;4868.0;-92.9609375
1;33600;PEARLS;9995;27;;;;;9998;2;10005;27;;;9996.5;308.0
1;33600;BANANAS;4866;27;;;;;4872;27;;;;;4869.0;-89.5859375
1;33700;PEARLS;9996;1;9995;25;;;10004;1;10005;25;;;10000.0;312.0
1;33700;BANANAS;4866;26;;;;;4872;1;4873;25;;;4869.0;-86.6796875
1;33800;PEARLS;9995;21;;;;;10002;4;10005;21;;;9998.5;312.0
1;33800;BANANAS;4866;21;;;;;4871;4;4873;21;;;4868.5;-85.8046875
1;33900;PEARLS;9996;1;9995;27;;;10004;1;10005;27;;;10000.0;312.0
1;33900;BANANAS;4866;28;;;;;4872;1;4873;27;;;4869.0;-87.609375
1;34000;PEARLS;9996;2;9995;28;;;10004;2;10005;28;;;10000.0;312.0
1;34000;BANANAS;4871;1;4866;2;4865;28;4872;30;;;;;4871.5;-91.78125
1;34100;BANANAS;4865;27;;;;;4872;27;;;;;4868.5;-95.7109375
1;34100;PEARLS;9996;2;9995;25;;;10004;2;10005;25;;;10000.0;312.0
1;34200;BANANAS;4865;32;;;;;4870;3;4871;2;4872;30;4867.5;-97.07421875
1;34200;PEARLS;9996;2;9995;30;;;10002;2;10004;2;10005;30;9999.0;312.0
1;34300;BANANAS;4864;29;;;;;4865;1;4871;29;;;4864.5;-104.734375
1;34300;PEARLS;9996;1;9995;28;;;10004;1;10005;28;;;10000.0;312.0
1;34400;BANANAS;4864;30;;;;;4871;30;;;;;4867.5;-106.1953125
1;34400;PEARLS;9996;2;9995;28;;;10004;2;10005;28;;;10000.0;312.0
1;34500;PEARLS;9996;2;9995;22;;;10004;2;10005;22;;;10000.0;312.0
1;34500;BANANAS;4864;24;;;;;4870;24;;;;;4867.0;-110.2890625
1;34600;PEARLS;9995;24;;;;;10005;24;;;;;10000.0;312.0
1;34600;BANANAS;4864;24;;;;;4871;24;;;;;4867.5;-104.546875
1;34700;PEARLS;9996;2;9995;23;;;10004;2;10005;23;;;10000.0;312.0
1;34700;BANANAS;4864;25;;;;;4871;25;;;;;4867.5;-105.921875
1;34800;PEARLS;9998;3;9996;2;9995;22;10004;2;10005;22;;;10001.0;312.0
1;34800;BANANAS;4864;24;;;;;4865;1;4871;24;;;4864.5;-106.3125
1;34900;PEARLS;9995;24;;;;;10005;24;;;;;10000.0;312.0
1;34900;BANANAS;4864;24;;;;;4871;24;;;;;4867.5;-104.46875
1;35000;PEARLS;9995;29;;;;;10005;29;;;;;10000.0;312.0
1;35000;BANANAS;4864;29;;;;;4871;29;;;;;4867.5;-102.6328125
1;35100;PEARLS;9996;2;9995;21;;;10004;2;10005;21;;;10000.0;312.0
1;35100;BANANAS;4864;23;;;;;4871;23;;;;;4867.5;-102.9921875
1;35200;PEARLS;9995;24;;;;;10005;24;;;;;10000.0;312.0
1;35200;BANANAS;4867;2;4864;24;;;4871;24;;;;;4869.0;-101.4609375
1;35300;PEARLS;9998;8;9996;1;9995;22;10004;1;10005;22;;;10001.0;312.0
1;35300;BANANAS;4865;8;4864;23;;;4870;1;4871;22;;;4867.5;-106.359375
1;35400;PEARLS;10002;1;9996;2;9995;25;10004;2;10005;25;;;10003.0;312.0
1;35400;BANANAS;4867;2;4864;27;;;4871;27;;;;;4869.0;-103.3203125
1;35500;PEARLS;9996;2;9995;27;;;10004;2;10005;27;;;10000.0;314.0
1;35500;BANANAS;4865;2;4864;27;;;4871;29;;;;;4868.0;-97.59375
1;35600;BANANAS;4864;24;;;;;4869;3;4870;1;4871;23;4866.5;-104.765625
1;35600;PEARLS;9996;1;9995;23;;;10002;3;10004;1;10005;23;9999.0;314.0
1;35700;BANANAS;4863;31;;;;;4868;9;4870;31;;;4865.5;-113.921875
1;35700;PEARLS;9996;2;9995;29;;;10002;9;10004;2;10005;29;9999.0;314.0
1;35800;BANANAS;4863;23;;;;;4870;23;;;;;4866.5;-123.7265625
1;35800;PEARLS;9996;2;9995;21;;;10004;2;10005;21;;;10000.0;314.0
1;35900;BANANAS;4863;30;;;;;4870;30;;;;;4866.5;-124.0390625
1;35900;PEARLS;9996;2;9995;28;;;10004;2;10005;28;;;10000.0;314.0
1;36000;BANANAS;4863;30;;;;;4868;9;4870;30;;;4865.5;-126.828125
1;36000;PEARLS;9995;30;;;;;10000;2;10002;9;10005;30;9997.5;314.0
1;36100;BANANAS;4864;7;4863;23;;;4870;23;;;;;4867.0;-126.640625
1;36100;PEARLS;9998;7;9996;2;9995;21;10004;2;10005;21;;;10001.0;314.0
1;36200;BANANAS;4865;5;4864;30;;;4870;30;;;;;4867.5;-112.53125
1;36200;PEARLS;9998;5;9996;1;9995;29;10004;1;10005;29;;;10001.0;314.0
1;36300;BANANAS;4864;1;4863;30;;;4870;31;;;;;4867.0;-116.6171875
1;36300;PEARLS;9996;1;9995;30;;;10004;1;10005;30;;;10000.0;314.0
1;36400;PEARLS;9996;1;9995;28;;;10002;8;10004;1;10005;28;9999.0;314.0
1;36400;BANANAS;4863;29;;;;;4867;8;4869;29;;;4865.0;-134.40625
1;36500;BANANAS;4863;28;;;;;4869;2;4870;27;;;4866.0;-132.15625
1;36500;PEARLS;9996;2;9995;27;;;10004;2;10005;27;;;10000.0;314.0
1;36600;PEARLS;9996;1;9995;30;;;10000;2;10004;1;10005;30;9998.0;314.0
1;36600;BANANAS;4863;31;;;;;4869;1;4870;30;;;4866.0;-130.3359375
1;36700;BANANAS;4863;22;;;;;4869;1;4870;21;;;4866.0;-129.6171875
1;36700;PEARLS;10002;1;9996;1;9995;21;10004;1;10005;21;;;10003.0;314.0
1;36800;PEARLS;9996;2;9995;23;;;10004;2;10005;23;;;10000.0;316.0
1;36800;BANANAS;4864;2;4863;23;;;4865;2;4870;25;;;4864.5;-117.234375
1;36900;BANANAS;4865;6;4864;22;;;4871;22;;;;;4868.0;-110.359375
1;36900;PEARLS;9998;6;9995;22;;;10005;22;;;;;10001.5;316.0
1;37000;PEARLS;9996;2;9995;20;;;10004;2;10005;20;;;10000.0;316.0
1;37000;BANANAS;4868;4;4864;22;;;4870;22;;;;;4869.0;-113.453125
1;37100;BANANAS;4863;24;;;;;4870;24;;;;;4866.5;-116.1171875
1;37100;PEARLS;10000;5;9995;24;;;10005;24;;;;;10002.5;316.0
1;37200;PEARLS;9996;2;9995;27;;;10004;2;10005;27;;;10000.0;316.0
1;37200;BANANAS;4864;2;4863;27;;;4870;29;;;;;4867.0;-119.203125
1;37300;BANANAS;4864;23;;;;;4870;23;;;;;4867.0;-115.28125
1;37300;PEARLS;9996;1;9995;22;;;10004;1;10005;22;;;10000.0;316.0
1;37400;PEARLS;9995;22;;;;;10005;22;;;;;10000.0;316.0
1;37400;BANANAS;4864;22;;;;;4871;22;;;;;4867.5;-106.875
1;37500;BANANAS;4863;31;;;;;4870;31;;;;;4866.5;-124.21875
1;37500;PEARLS;10000;5;9996;1;9995;30;10004;1;10005;30;;;10002.0;316.0
1;37600;PEARLS;9996;1;9995;24;;;10004;1;10005;24;;;10000.0;316.0
1;37600;BANANAS;4869;1;4864;25;;;4870;25;;;;;4869.5;-113.0625
1;37700;BANANAS;4863;20;;;;;4870;20;;;;;4866.5;-118.9921875
1;37700;PEARLS;10002;1;9995;20;;;10005;20;;;;;10003.5;316.0
1;37800;PEARLS;9996;2;9995;23;;;10004;2;10005;23;;;10000.0;318.0
1;37800;BANANAS;4863;25;;;;;4870;25;;;;;4866.5;-122.953125
1;37900;PEARLS;9996;2;9995;27;;;10004;2;10005;27;;;10000.0;318.0
1;37900;BANANAS;4863;29;;;;;4870;29;;;;;4866.5;-121.65625
1;38000;PEARLS;9998;3;9995;30;;;10005;30;;;;;10001.5;318.0
1;38000;BANANAS;4864;3;4863;30;;;4870;30;;;;;4867.0;-128.609375
1;38100;PEARLS;9998;4;9996;1;9995;28;10004;1;10005;28;;;10001.0;318.0
1;38100;BANANAS;4864;4;4863;29;;;4869;29;;;;;4866.5;-130.5703125
1;38200;PEARLS;9998;4;9996;2;9995;29;10004;2;10005;29;;;10001.0;318.0
1;38200;BANANAS;4864;4;4863;31;;;4869;2;4870;29;;;4866.5;-126.78125
1;38300;PEARLS;9995;22;;;;;10005;22;;;;;10000.0;318.0
1;38300;BANANAS;4863;22;;;;;4870;22;;;;;4866.5;-120.1796875
1;38400;PEARLS;9996;2;9995;29;;;10004;2;10005;29;;;10000.0;318.0
1;38400;BANANAS;4864;2;4863;29;;;4870;31;;;;;4867.0;-116.21875
1;38500;BANANAS;4864;2;4863;22;;;4870;24;;;;;4867.0;-118.1015625
1;38500;PEARLS;9996;2;9995;22;;;10004;2;10005;22;;;10000.0;318.0
1;38600;BANANAS;4863;31;;;;;4870;31;;;;;4866.5;-119.265625
1;38600;PEARLS;10002;1;9996;2;9995;29;10004;2;10005;29;;;10003.0;318.0
1;38700;BANANAS;4864;1;4863;20;;;4870;22;;;;;4867.0;-117.578125
1;38700;PEARLS;9996;2;9995;20;;;10004;2;10005;20;;;10000.0;320.0
1;38800;BANANAS;4864;27;;;;;4870;27;;;;;4867.0;-112.2578125
1;38800;PEARLS;9996;2;9995;25;;;10004;2;10005;25;;;10000.0;320.0
1;38900;PEARLS;9996;2;9995;23;;;10004;2;10005;23;;;10000.0;320.0
1;38900;BANANAS;4864;25;;;;;4870;25;;;;;4867.0;-112.0546875
1;39000;PEARLS;9996;1;9995;23;;;10000;3;10004;1;10005;23;9998.0;320.0
1;39000;BANANAS;4864;24;;;;;4870;24;;;;;4867.0;-111.3671875
1;39100;PEARLS;9996;2;9995;28;;;9998;3;10004;2;10005;28;9997.0;320.0
1;39100;BANANAS;4863;30;;;;;4869;2;4870;28;;;4866.0;-126.2890625
1;39200;PEARLS;9995;21;;;;;10000;4;10005;21;;;9997.5;320.0
1;39200;BANANAS;4863;21;;;;;4870;21;;;;;4866.5;-118.4296875
1;39300;PEARLS;9995;24;;;;;10005;24;;;;;10000.0;320.0
1;39300;BANANAS;4863;24;;;;;4870;24;;;;;4866.5;-123.171875
1;39400;PEARLS;9995;21;;;;;10005;21;;;;;10000.0;320.0
1;39400;BANANAS;4863;21;;;;;4870;21;;;;;4866.5;-120.34375
1;39500;PEARLS;9995;29;;;;;10005;29;;;;;10000.0;320.0
1;39500;BANANAS;4863;29;;;;;4870;29;;;;;4866.5;-121.4375
1;39600;PEARLS;9996;1;9995;30;;;10004;1;10005;30;;;10000.0;320.0
1;39600;BANANAS;4865;2;4863;1;4862;30;4869;31;;;;;4867.0;-133.9375
1;39700;PEARLS;9996;1;9995;29;;;10000;6;10004;1;10005;29;9998.0;320.0
1;39700;BANANAS;4862;29;;;;;4869;30;;;;;4865.5;-141.953125
1;39800;PEARLS;9996;2;9995;22;;;9998;1;10004;2;10005;22;9997.0;320.0
1;39800;BANANAS;4863;2;4862;22;;;4869;24;;;;;4866.0;-137.125
1;39900;PEARLS;9998;10;9996;1;9995;28;10004;1;10005;28;;;10001.0;320.0
1;39900;BANANAS;4863;10;4862;29;;;4868;1;4869;28;;;4865.5;-145.359375
1;40000;BANANAS;4862;26;;;;;4868;1;4869;25;;;4865.0;-151.0390625
1;40000;PEARLS;10002;11;9996;1;9995;25;10004;1;10005;25;;;10003.0;320.0
1;40100;BANANAS;4865;6;4862;30;;;4869;30;;;;;4867.0;-151.265625
1;40100;PEARLS;9995;30;;;;;10005;30;;;;;10000.0;342.0
1;40200;BANANAS;4862;25;;;;;4867;7;4868;1;4869;24;4864.5;-151.359375
1;40200;PEARLS;9996;1;9995;24;;;10002;7;10004;1;10005;24;9999.0;342.0
1;40300;BANANAS;4862;30;;;;;4868;1;4869;29;;;4865.0;-146.6328125
1;40300;PEARLS;10002;4;9996;1;9995;29;10004;1;10005;29;;;10003.0;342.0
1;40400;BANANAS;4862;25;;;;;4868;2;4869;23;;;4865.0;-151.03125
1;40400;PEARLS;9996;2;9995;23;;;10004;2;10005;23;;;10000.0;350.0
1;40500;BANANAS;4861;22;;;;;4863;5;4868;22;;;4862.0;-160.765625
1;40500;PEARLS;9996;1;9995;21;;;10004;1;10005;21;;;10000.0;350.0
1;40600;BANANAS;4861;28;;;;;4868;28;;;;;4864.5;-161.7109375
1;40600;PEARLS;10002;1;9995;28;;;10005;28;;;;;10003.5;350.0
1;40700;BANANAS;4866;1;4862;10;4861;30;4867;1;4868;29;;;4866.5;-166.71875
1;40700;PEARLS;9998;10;9996;1;9995;29;10004;1;10005;29;;;10001.0;352.0
1;40800;BANANAS;4861;21;;;;;4867;21;;;;;4864.0;-174.15625
1;40800;PEARLS;9995;21;;;;;10005;21;;;;;10000.0;352.0
1;40900;PEARLS;9998;2;9995;25;;;10005;25;;;;;10001.5;352.0
1;40900;BANANAS;4861;2;4860;25;;;4867;25;;;;;4864.0;-179.359375
1;41000;PEARLS;9998;10;9996;1;9995;20;10000;2;10004;1;10005;20;9999.0;352.0
1;41000;BANANAS;4861;10;4860;21;;;4862;3;4867;21;;;4861.5;-179.90625
1;41100;BANANAS;4865;7;4860;25;;;4866;25;;;;;4865.5;-191.7109375
1;41100;PEARLS;9996;2;9995;23;;;10004;2;10005;23;;;10000.0;352.0
1;41200;BANANAS;4860;20;;;;;4867;20;;;;;4863.5;-182.984375
1;41200;PEARLS;9995;20;;;;;10005;20;;;;;10000.0;352.0
1;41300;PEARLS;9995;27;;;;;10005;27;;;;;10000.0;352.0
1;41300;BANANAS;4860;27;;;;;4867;27;;;;;4863.5;-180.4140625
1;41400;PEARLS;9996;1;9995;29;;;10004;1;10005;29;;;10000.0;352.0
1;41400;BANANAS;4861;30;;;;;4862;5;4867;30;;;4861.5;-173.875
1;41500;BANANAS;4862;2;4861;29;;;4868;31;;;;;4865.0;-159.2109375
1;41500;PEARLS;9996;2;9995;29;;;10004;2;10005;29;;;10000.0;352.0
1;41600;BANANAS;4862;26;;;;;4868;26;;;;;4865.0;-151.6015625
1;41600;PEARLS;9995;26;;;;;10005;26;;;;;10000.0;352.0
1;41700;PEARLS;9995;23;;;;;10005;23;;;;;10000.0;352.0
1;41700;BANANAS;4862;23;;;;;4868;23;;;;;4865.0;-151.59375
1;41800;PEARLS;9996;1;9995;21;;;10004;1;10005;21;;;10000.0;352.0
1;41800;BANANAS;4861;21;;;;;4864;4;4868;22;;;4862.5;-157.796875
1;41900;BANANAS;4861;28;;;;;4866;8;4868;28;;;4863.5;-156.484375
1;41900;PEARLS;9995;28;;;;;10002;8;10005;28;;;9998.5;352.0
1;42000;BANANAS;4862;28;;;;;4868;1;4869;27;;;4865.0;-151.09375
1;42000;PEARLS;9996;1;9995;27;;;9998;1;10004;1;10005;27;9997.0;352.0
1;42100;PEARLS;10002;2;9995;22;;;10005;22;;;;;10003.5;354.0
1;42100;BANANAS;4862;22;;;;;4868;22;;;;;4865.0;-153.140625
1;42200;PEARLS;9995;22;;;;;10005;22;;;;;10000.0;358.0
1;42200;BANANAS;4861;22;;;;;4868;22;;;;;4864.5;-158.9296875
1;42300;PEARLS;9996;2;9995;20;;;10004;2;10005;20;;;10000.0;358.0
1;42300;BANANAS;4862;22;;;;;4868;2;4869;20;;;4865.0;-146.65625
1;42400;PEARLS;9996;2;9995;26;;;10002;2;10004;2;10005;26;9999.0;358.0
1;42400;BANANAS;4863;2;4862;26;;;4867;2;4869;28;;;4865.0;-138.84375
1;42500;PEARLS;9995;24;;;;;10005;24;;;;;10000.0;358.0
1;42500;BANANAS;4862;24;;;;;4869;24;;;;;4865.5;-145.234375
1;42600;PEARLS;9995;28;;;;;10005;28;;;;;10000.0;358.0
1;42600;BANANAS;4868;1;4862;28;;;4869;28;;;;;4868.5;-141.59375
1;42700;PEARLS;9996;1;9995;23;;;10004;1;10005;23;;;10000.0;358.0
1;42700;BANANAS;4863;1;4862;23;;;4869;24;;;;;4866.0;-137.890625
1;42800;PEARLS;9995;29;;;;;10000;2;10005;29;;;9997.5;358.0
1;42800;BANANAS;4863;29;;;;;4869;29;;;;;4866.0;-132.2578125
1;42900;PEARLS;10002;5;9995;20;;;10005;20;;;;;10003.5;358.0
1;42900;BANANAS;4864;20;;;;;4870;20;;;;;4867.0;-114.3984375
1;43000;BANANAS;4863;27;;;;;4868;6;4870;27;;;4865.5;-121.1171875
1;43000;PEARLS;9996;1;9995;26;;;10002;6;10004;1;10005;26;9999.0;368.0
1;43100;BANANAS;4866;4;4864;9;4863;25;4869;25;;;;;4867.5;-131.765625
1;43100;PEARLS;9998;9;9996;1;9995;24;10004;1;10005;24;;;10001.0;368.0
1;43200;BANANAS;4862;31;;;;;4867;5;4869;31;;;4864.5;-140.2734375
1;43200;PEARLS;9996;2;9995;29;;;10002;5;10004;2;10005;29;9999.0;368.0
1;43300;BANANAS;4867;1;4863;10;4862;20;4869;20;;;;;4868.0;-143.546875
1;43300;PEARLS;9998;10;9995;20;;;10005;20;;;;;10001.5;368.0
1;43400;PEARLS;9996;2;9995;22;;;10004;2;10005;22;;;10000.0;368.0
1;43400;BANANAS;4862;24;;;;;4869;24;;;;;4865.5;-140.578125
1;43500;PEARLS;9996;1;9995;24;;;10002;7;10004;1;10005;24;9999.0;368.0
1;43500;BANANAS;4862;25;;;;;4867;7;4869;25;;;4864.5;-144.7890625
1;43600;PEARLS;9995;22;;;;;10002;5;10005;22;;;9998.5;368.0
1;43600;BANANAS;4862;22;;;;;4867;7;4869;22;;;4864.5;-138.78125
1;43700;PEARLS;9996;1;9995;29;;;10002;6;10004;1;10005;29;9999.0;368.0
1;43700;BANANAS;4862;30;;;;;4866;6;4868;30;;;4864.0;-152.25
1;43800;PEARLS;9996;1;9995;22;;;10004;1;10005;22;;;10000.0;368.0
1;43800;BANANAS;4863;23;;;;;4870;23;;;;;4866.5;-125.5703125
1;43900;PEARLS;9996;2;9995;24;;;10002;2;10004;2;10005;24;9999.0;368.0
1;43900;BANANAS;4863;26;;;;;4864;1;4868;6;4870;26;4863.5;-122.828125
1;44000;PEARLS;10002;4;9998;10;9996;2;10004;2;10005;25;;;10003.0;368.0
1;44000;BANANAS;4864;10;4863;27;;;4865;1;4870;27;;;4864.5;-123.0390625
1;44100;PEARLS;9996;2;9995;22;;;10004;2;10005;22;;;10000.0;376.0
1;44100;BANANAS;4864;2;4863;22;;;4870;24;;;;;4867.0;-114.921875
1;44200;PEARLS;9995;24;;;;;10005;24;;;;;10000.0;376.0
1;44200;BANANAS;4863;24;;;;;4870;24;;;;;4866.5;-119.75
1;44300;PEARLS;9996;2;9995;24;;;9998;2;10004;2;10005;24;9997.0;376.0
1;44300;BANANAS;4863;26;;;;;4870;26;;;;;4866.5;-126.5234375
1;44400;PEARLS;9996;1;9995;25;;;10002;7;10004;1;10005;25;9999.0;380.0
1;44400;BANANAS;4863;26;;;;;4868;7;4870;26;;;4865.5;-120.4375
1;44500;BANANAS;4863;30;;;;;4870;30;;;;;4866.5;-118.3515625
1;44500;PEARLS;9995;30;;;;;10005;30;;;;;10000.0;380.0
1;44600;BANANAS;4864;22;;;;;4870;1;4871;21;;;4867.0;-110.546875
1;44600;PEARLS;9996;1;9995;21;;;10004;1;10005;21;;;10000.0;380.0
1;44700;BANANAS;4869;1;4864;27;;;4871;27;;;;;4870.0;-104.3671875
1;44700;PEARLS;9996;2;9995;25;;;10004;2;10005;25;;;10000.0;380.0
1;44800;BANANAS;4863;25;;;;;4870;25;;;;;4866.5;-120.4921875
1;44800;PEARLS;9995;25;;;;;10005;25;;;;;10000.0;380.0
1;44900;BANANAS;4863;23;;;;;4869;2;4870;21;;;4866.0;-125.328125
1;44900;PEARLS;9996;2;9995;21;;;10004;2;10005;21;;;10000.0;380.0
1;45000;BANANAS;4863;27;;;;;4870;28;;;;;4866.5;-114.265625
1;45000;PEARLS;9996;1;9995;27;;;10004;1;10005;27;;;10000.0;380.0
1;45100;BANANAS;4864;27;;;;;4871;27;;;;;4867.5;-108.015625
1;45100;PEARLS;9995;27;;;;;9998;1;10005;27;;;9996.5;380.0
1;45200;PEARLS;10002;1;9996;1;9995;20;10004;1;10005;20;;;10003.0;382.0
1;45200;BANANAS;4863;21;;;;;4864;1;4870;21;;;4863.5;-118.03125
1;45300;BANANAS;4863;23;;;;;4864;1;4870;23;;;4863.5;-115.328125
1;45300;PEARLS;9995;23;;;;;10005;23;;;;;10000.0;384.0
1;45400;PEARLS;9998;4;9995;25;;;10005;25;;;;;10001.5;384.0
1;45400;BANANAS;4864;4;4863;25;;;4870;25;;;;;4867.0;-118.3125
1;45500;BANANAS;4863;21;;;;;4870;21;;;;;4866.5;-115.375
1;45500;PEARLS;9996;1;9995;20;;;9998;3;10004;1;10005;20;9997.0;384.0
1;45600;PEARLS;9996;1;9995;23;;;10004;1;10005;23;;;10000.0;390.0
1;45600;BANANAS;4864;24;;;;;4870;1;4871;23;;;4867.0;-104.5
1;45700;BANANAS;4864;2;4863;21;;;4870;23;;;;;4867.0;-110.15625
1;45700;PEARLS;10002;1;9996;2;9995;21;10004;2;10005;21;;;10003.0;390.0
1;45800;PEARLS;10000;5;9998;7;9996;2;10004;2;10005;30;;;10002.0;392.0
1;45800;BANANAS;4864;32;;;;;4870;2;4871;30;;;4867.0;-105.5703125
1;45900;BANANAS;4865;7;4864;26;;;4871;26;;;;;4868.0;-97.0
1;45900;PEARLS;9998;8;9996;1;9995;25;10004;1;10005;25;;;10001.0;392.0
1;46000;PEARLS;9995;23;;;;;9998;1;10005;23;;;9996.5;392.0
1;46000;BANANAS;4864;23;;;;;4870;23;;;;;4867.0;-107.796875
1;46100;BANANAS;4864;25;;;;;4870;25;;;;;4867.0;-109.375
1;46100;PEARLS;9995;25;;;;;10005;25;;;;;10000.0;394.0
1;46200;PEARLS;9995;24;;;;;10005;24;;;;;10000.0;394.0
1;46200;BANANAS;4863;24;;;;;4870;24;;;;;4866.5;-109.9921875
1;46300;BANANAS;4864;28;;;;;4870;2;4871;26;;;4867.0;-103.6171875
1;46300;PEARLS;9996;2;9995;26;;;10004;2;10005;26;;;10000.0;394.0
1;46400;PEARLS;9995;24;;;;;10005;24;;;;;10000.0;394.0
1;46400;BANANAS;4869;1;4864;24;;;4871;24;;;;;4870.0;-103.46875
1;46500;BANANAS;4864;30;;;;;4871;30;;;;;4867.5;-99.5859375
1;46500;PEARLS;9996;1;9995;29;;;9998;1;10004;1;10005;29;9997.0;394.0
1;46600;PEARLS;9998;1;9995;28;;;10005;28;;;;;10001.5;396.0
1;46600;BANANAS;4869;1;4868;3;4865;1;4871;28;;;;;4870.0;-96.828125
1;46700;PEARLS;9996;1;9995;29;;;10004;1;10005;29;;;10000.0;396.0
1;46700;BANANAS;4865;30;;;;;4871;30;;;;;4868.0;-84.671875
1;46800;PEARLS;9995;25;;;;;10005;25;;;;;10000.0;396.0
1;46800;BANANAS;4865;25;;;;;4872;25;;;;;4868.5;-79.625
1;46900;PEARLS;9996;1;9995;29;;;10002;3;10004;1;10005;29;9999.0;396.0
1;46900;BANANAS;4865;30;;;;;4870;3;4872;30;;;4867.5;-74.8828125
1;47000;PEARLS;9996;1;9995;22;;;10004;1;10005;22;;;10000.0;396.0
1;47000;BANANAS;4865;23;;;;;4872;23;;;;;4868.5;-74.078125
1;47100;PEARLS;9995;22;;;;;9998;1;10005;22;;;9996.5;396.0
1;47100;BANANAS;4865;22;;;;;4872;22;;;;;4868.5;-75.21875
1;47200;PEARLS;9996;2;9995;21;;;10004;2;10005;21;;;10000.0;398.0
1;47200;BANANAS;4870;1;4865;23;;;4871;2;4872;21;;;4870.5;-82.0546875
1;47300;PEARLS;9995;21;;;;;10005;21;;;;;10000.0;398.0
1;47300;BANANAS;4864;21;;;;;4871;21;;;;;4867.5;-89.6640625
1;47400;BANANAS;4865;8;4864;22;;;4871;22;;;;;4868.0;-98.75
1;47400;PEARLS;9998;7;9995;22;;;10005;22;;;;;10001.5;398.0
1;47500;BANANAS;4864;22;;;;;4871;22;;;;;4867.5;-92.0
1;47500;PEARLS;9996;1;9995;21;;;9998;1;10004;1;10005;21;9997.0;398.0
1;47600;BANANAS;4865;5;4864;21;;;4871;21;;;;;4868.0;-95.9140625
1;47600;PEARLS;9998;5;9995;21;;;10005;21;;;;;10001.5;400.0
1;47700;BANANAS;4865;1;4864;23;;;4870;23;;;;;4867.5;-100.1171875
1;47700;PEARLS;9998;1;9995;23;;;10005;23;;;;;10001.5;400.0
1;47800;PEARLS;9995;20;;;;;10005;20;;;;;10000.0;400.0
1;47800;BANANAS;4863;20;;;;;4870;20;;;;;4866.5;-104.7421875
1;47900;PEARLS;9995;23;;;;;10005;23;;;;;10000.0;400.0
1;47900;BANANAS;4863;23;;;;;4870;23;;;;;4866.5;-112.5546875
1;48000;PEARLS;10002;2;9996;1;9995;26;10004;1;10005;26;;;10003.0;400.0
1;48000;BANANAS;4863;27;;;;;4868;1;4870;27;;;4865.5;-108.34375
1;48100;PEARLS;9996;1;9995;29;;;10004;1;10005;29;;;10000.0;404.0
1;48100;BANANAS;4864;1;4863;29;;;4870;30;;;;;4867.0;-103.515625
1;48200;PEARLS;9996;1;9995;26;;;10004;1;10005;26;;;10000.0;404.0
1;48200;BANANAS;4863;26;;;;;4870;27;;;;;4866.5;-104.171875
1;48300;PEARLS;9998;4;9996;1;9995;20;10004;1;10005;20;;;10001.0;404.0
1;48300;BANANAS;4869;1;4865;4;4864;21;4870;21;;;;;4869.5;-101.515625
1;48400;PEARLS;9996;2;9995;30;;;10004;2;10005;30;;;10000.0;404.0
1;48400;BANANAS;4864;32;;;;;4871;32;;;;;4867.5;-91.421875
1;48500;PEARLS;9995;29;;;;;10005;29;;;;;10000.0;404.0
1;48500;BANANAS;4869;10;4864;29;;;4871;29;;;;;4870.0;-90.375
1;48600;PEARLS;9996;1;9995;26;;;10004;1;10005;26;;;10000.0;404.0
1;48600;BANANAS;4865;1;4864;26;;;4871;27;;;;;4868.0;-74.08203125
1;48700;PEARLS;9996;1;9995;22;;;10000;2;10004;1;10005;22;9998.0;404.0
1;48700;BANANAS;4864;23;;;;;4871;23;;;;;4867.5;-75.26171875
1;48800;PEARLS;9996;1;9995;28;;;10004;1;10005;28;;;10000.0;404.0
1;48800;BANANAS;4865;1;4864;28;;;4871;29;;;;;4868.0;-74.5703125
1;48900;BANANAS;4865;21;;;;;4871;22;;;;;4868.0;-72.734375
1;48900;PEARLS;9995;22;;;;;10005;22;;;;;10000.0;404.0
1;49000;BANANAS;4865;29;;;;;4871;1;4872;28;;;4868.0;-71.54296875
1;49000;PEARLS;9996;1;9995;28;;;10004;1;10005;28;;;10000.0;404.0
1;49100;BANANAS;4864;30;;;;;4871;30;;;;;4867.5;-74.4375
1;49100;PEARLS;9995;30;;;;;10005;30;;;;;10000.0;404.0
1;49200;BANANAS;4864;26;;;;;4871;26;;;;;4867.5;-77.51953125
1;49200;PEARLS;10002;3;9996;1;9995;25;10004;1;10005;25;;;10003.0;404.0
1;49300;BANANAS;4865;3;4864;29;;;4871;29;;;;;4868.0;-76.44140625
1;49300;PEARLS;9998;3;9995;29;;;10005;29;;;;;10001.5;410.0
1;49400;BANANAS;4864;23;;;;;4871;23;;;;;4867.5;-75.88671875
1;49400;PEARLS;9996;1;9995;22;;;10004;1;10005;22;;;10000.0;410.0
1;49500;BANANAS;4865;1;4864;24;;;4871;25;;;;;4868.0;-74.65234375
1;49500;PEARLS;9996;1;9995;24;;;10004;1;10005;24;;;10000.0;410.0
1;49600;PEARLS;9996;2;9995;28;;;10000;3;10002;9;10004;2;9998.0;410.0
1;49600;BANANAS;4864;30;;;;;4869;9;4871;30;;;4866.5;-77.4609375
1;49700;BANANAS;4869;1;4863;21;;;4870;21;;;;;4869.5;-80.66796875
1;49700;PEARLS;9995;21;;;;;10005;21;;;;;10000.0;410.0
1;49800;BANANAS;4863;19;;;;;4868;7;4870;20;;;4865.5;-81.802734375
1;49800;PEARLS;9995;20;;;;;10002;7;10005;20;;;9998.5;410.0
1;49900;PEARLS;9996;1;9995;23;;;10004;1;10005;23;;;10000.0;410.0
1;49900;BANANAS;4863;24;;;;;4870;24;;;;;4866.5;-92.19140625
1;50000;PEARLS;9996;2;9995;24;;;10002;5;10004;2;10005;24;9999.0;410.0
1;50000;BANANAS;4864;2;4863;24;;;4868;3;4870;26;;;4866.0;-86.98046875
1;50100;BANANAS;4867;2;4864;24;;;4871;24;;;;;4869.0;-77.90625
1;50100;PEARLS;10002;4;9996;2;9995;22;10004;2;10005;22;;;10003.0;410.0
1;50200;BANANAS;4870;7;4865;29;;;4871;1;4872;28;;;4870.5;-67.8984375
1;50200;PEARLS;9996;1;9995;28;;;10004;1;10005;28;;;10000.0;418.0
1;50300;PEARLS;9995;23;;;;;10005;23;;;;;10000.0;418.0
1;50300;BANANAS;4865;23;;;;;4872;23;;;;;4868.5;-51.25
1;50400;PEARLS;9996;2;9995;21;;;10004;2;10005;21;;;10000.0;418.0
1;50400;BANANAS;4866;23;;;;;4872;2;4873;21;;;4869.0;-47.9375
1;50500;BANANAS;4867;7;4866;28;;;4873;28;;;;;4870.0;-45.3984375
1;50500;PEARLS;10000;4;9998;7;9996;1;10004;1;10005;27;;;10002.0;418.0
1;50600;BANANAS;4871;1;4867;7;4866;24;4872;2;4873;22;;;4871.5;-46.63671875
1;50600;PEARLS;9998;7;9996;2;9995;22;10000;5;10004;2;10005;22;9999.0;418.0
1;50700;PEARLS;9998;9;9995;20;;;10005;20;;;;;10001.5;418.0
1;50700;BANANAS;4867;9;4866;20;;;4873;20;;;;;4870.0;-42.8984375
1;50800;PEARLS;9998;7;9996;2;9995;26;10004;2;10005;26;;;10001.0;418.0
1;50800;BANANAS;4867;7;4866;28;;;4873;28;;;;;4870.0;-43.0859375
1;50900;BANANAS;4867;1;4866;30;;;4873;30;;;;;4870.0;-45.328125
1;50900;PEARLS;9998;2;9995;30;;;10000;5;10005;30;;;9999.0;418.0
1;51000;BANANAS;4866;25;;;;;4872;25;;;;;4869.0;-47.41015625
1;51000;PEARLS;9996;2;9995;23;;;10004;2;10005;23;;;10000.0;418.0
1;51100;PEARLS;9995;29;;;;;10002;1;10005;29;;;9998.5;418.0
1;51100;BANANAS;4865;29;;;;;4870;1;4872;29;;;4867.5;-50.0078125
1;51200;PEARLS;9995;30;;;;;10005;30;;;;;10000.0;418.0
1;51200;BANANAS;4870;10;4865;30;;;4872;30;;;;;4871.0;-48.31640625
1;51300;PEARLS;9996;2;9995;23;;;9998;5;10002;5;10004;2;9997.0;418.0
1;51300;BANANAS;4866;2;4865;23;;;4870;5;4872;25;;;4868.0;-36.681640625
1;51400;PEARLS;9996;1;9995;22;;;10004;1;10005;22;;;10000.0;428.0
1;51400;BANANAS;4866;1;4865;22;;;4872;23;;;;;4869.0;-36.615234375
1;51500;PEARLS;9995;21;;;;;10005;21;;;;;10000.0;428.0
1;51500;BANANAS;4866;21;;;;;4873;21;;;;;4869.5;-38.4521484375
1;51600;PEARLS;9996;2;9995;21;;;10002;5;10004;2;10005;21;9999.0;428.0
1;51600;BANANAS;4867;23;;;;;4872;5;4873;2;4874;21;4869.5;-39.41796875
1;51700;PEARLS;9996;2;9995;30;;;10004;2;10005;30;;;10000.0;428.0
1;51700;BANANAS;4871;12;4867;2;4866;30;4873;32;;;;;4872.0;-38.4443359375
1;51800;PEARLS;9995;25;;;;;10005;25;;;;;10000.0;428.0
1;51800;BANANAS;4866;25;;;;;4873;25;;;;;4869.5;-22.2734375
1;51900;BANANAS;4866;28;;;;;4872;2;4873;26;;;4869.0;-15.96875
1;51900;PEARLS;9996;2;9995;26;;;10004;2;10005;26;;;10000.0;428.0
1;52000;BANANAS;4867;3;4866;21;;;4873;21;;;;;4870.0;-22.8125
1;52000;PEARLS;9998;2;9995;21;;;10000;5;10005;21;;;9999.0;428.0
1;52100;BANANAS;4866;28;;;;;4873;28;;;;;4869.5;-20.46875
1;52100;PEARLS;9996;1;9995;27;;;10004;1;10005;27;;;10000.0;428.0
1;52200;BANANAS;4866;22;;;;;4871;1;4873;23;;;4868.5;-16.1015625
1;52200;PEARLS;9995;23;;;;;10005;23;;;;;10000.0;428.0
1;52300;PEARLS;9995;30;;;;;10005;30;;;;;10000.0;428.0
1;52300;BANANAS;4866;30;;;;;4873;30;;;;;4869.5;-24.8046875
1;52400;PEARLS;10002;3;9996;1;9995;20;10004;1;10005;20;;;10003.0;428.0
1;52400;BANANAS;4866;21;;;;;4873;21;;;;;4869.5;-19.484375
1;52500;PEARLS;9996;2;9995;25;;;10004;2;10005;25;;;10000.0;434.0
1;52500;BANANAS;4866;27;;;;;4873;27;;;;;4869.5;-20.6015625
1;52600;PEARLS;9996;1;9995;30;;;10004;1;10005;30;;;10000.0;434.0
1;52600;BANANAS;4867;31;;;;;4873;1;4874;30;;;4870.0;-30.1640625
1;52700;PEARLS;9996;1;9995;24;;;10002;9;10004;1;10005;24;9999.0;434.0
1;52700;BANANAS;4867;1;4866;24;;;4871;8;4873;25;;;4869.0;-24.7421875
1;52800;PEARLS;9996;2;9995;26;;;10004;2;10005;26;;;10000.0;434.0
1;52800;BANANAS;4866;28;;;;;4867;8;4873;28;;;4866.5;-17.84375
1;52900;PEARLS;9996;1;9995;26;;;10002;3;10004;1;10005;26;9999.0;434.0
1;52900;BANANAS;4867;27;;;;;4872;3;4873;1;4874;26;4869.5;-4.87890625
1;53000;PEARLS;9996;1;9995;29;;;10004;1;10005;29;;;10000.0;434.0
1;53000;BANANAS;4867;30;;;;;4873;1;4874;29;;;4870.0;-4.857421875
1;53100;PEARLS;9996;2;9995;21;;;9998;5;10004;2;10005;21;9997.0;434.0
1;53100;BANANAS;4868;2;4867;21;;;4874;23;;;;;4871.0;-7.77734375
1;53200;PEARLS;9995;23;;;;;10005;23;;;;;10000.0;444.0
1;53200;BANANAS;4873;1;4868;23;;;4875;23;;;;;4874.0;-9.87890625
1;53300;PEARLS;9995;20;;;;;10005;20;;;;;10000.0;444.0
1;53300;BANANAS;4868;20;;;;;4875;20;;;;;4871.5;-8.7109375
1;53400;BANANAS;4868;32;;;;;4874;32;;;;;4871.0;-7.01171875
1;53400;PEARLS;9996;2;9995;30;;;9998;1;10004;2;10005;30;9997.0;444.0
1;53500;BANANAS;4868;25;;;;;4873;7;4875;25;;;4870.5;-11.53125
1;53500;PEARLS;9995;25;;;;;10002;7;10005;25;;;9998.5;446.0
1;53600;BANANAS;4868;23;;;;;4869;10;4875;23;;;4868.5;-9.6640625
1;53600;PEARLS;9998;2;9996;1;9995;22;10004;1;10005;22;;;10001.0;446.0
1;53700;BANANAS;4868;23;;;;;4875;23;;;;;4871.5;-12.671875
1;53700;PEARLS;9995;23;;;;;10005;23;;;;;10000.0;446.0
1;53800;BANANAS;4869;8;4868;29;;;4875;29;;;;;4872.0;-10.31640625
1;53800;PEARLS;9998;8;9995;29;;;10005;29;;;;;10001.5;446.0
1;53900;BANANAS;4869;26;;;;;4873;8;4875;26;;;4871.0;-37.3515625
1;53900;PEARLS;9996;1;9995;25;;;10000;4;10002;8;10004;1;9998.0;446.0
1;54000;BANANAS;4869;22;;;;;4872;5;4874;2;4875;1;4870.5;-55.0703125
1;54000;PEARLS;9996;1;9995;21;;;10002;1;10004;1;10005;21;9999.0;446.0
1;54100;BANANAS;4869;22;;;;;4875;1;4876;21;;;4872.0;-58.21875
1;54100;PEARLS;9996;1;9995;21;;;10004;1;10005;21;;;10000.0;446.0
1;54200;PEARLS;9996;1;9995;20;;;10004;1;10005;20;;;10000.0;446.0
1;54200;BANANAS;4869;20;;;;;4875;1;4876;20;;;4872.0;-58.0390625
1;54300;BANANAS;4869;2;4868;26;;;4875;28;;;;;4872.0;-49.1328125
1;54300;PEARLS;10002;1;9996;2;9995;26;10004;2;10005;26;;;10003.0;446.0
1;54400;PEARLS;9995;22;;;;;10005;22;;;;;10000.0;448.0
1;54400;BANANAS;4869;22;;;;;4876;22;;;;;4872.5;-57.515625
1;54500;BANANAS;4869;29;;;;;4874;2;4876;29;;;4871.5;-61.328125
1;54500;PEARLS;9996;2;9995;27;;;10002;2;10004;2;10005;27;9999.0;448.0
1;54600;PEARLS;10002;2;9996;1;9995;29;10004;1;10005;29;;;10003.0;448.0
1;54600;BANANAS;4869;30;;;;;4876;30;;;;;4872.5;-60.65625
1;54700;BANANAS;4869;23;;;;;4875;1;4876;22;;;4872.0;-56.5
1;54700;PEARLS;9996;1;9995;22;;;10004;1;10005;22;;;10000.0;452.0
1;54800;PEARLS;9996;2;9995;23;;;10004;2;10005;23;;;10000.0;452.0
1;54800;BANANAS;4870;2;4869;23;;;4876;25;;;;;4873.0;-67.2109375
1;54900;BANANAS;4874;1;4869;24;;;4876;24;;;;;4875.0;-61.8203125
1;54900;PEARLS;9996;2;9995;22;;;10004;2;10005;22;;;10000.0;452.0
1;55000;PEARLS;9996;2;9995;20;;;10004;2;10005;20;;;10000.0;452.0
1;55000;BANANAS;4869;22;;;;;4875;2;4876;20;;;4872.0;-56.125
1;55100;BANANAS;4869;26;;;;;4875;26;;;;;4872.0;-52.3828125
1;55100;PEARLS;9996;2;9995;24;;;10004;2;10005;24;;;10000.0;452.0
1;55200;PEARLS;9998;8;9996;1;9995;25;10004;1;10005;25;;;10001.0;452.0
1;55200;BANANAS;4870;7;4869;26;;;4875;1;4876;25;;;4872.5;-55.46875
1;55300;BANANAS;4869;22;;;;;4874;4;4876;22;;;4871.5;-65.1171875
1;55300;PEARLS;9995;22;;;;;10002;5;10005;22;;;9998.5;452.0
1;55400;PEARLS;9998;7;9996;1;9995;27;10004;1;10005;27;;;10001.0;452.0
1;55400;BANANAS;4870;8;4869;27;;;4876;28;;;;;4873.0;-70.796875
1;55500;BANANAS;4870;24;;;;;4877;24;;;;;4873.5;-81.125
1;55500;PEARLS;9996;2;9995;22;;;10004;2;10005;22;;;10000.0;452.0
1;55600;PEARLS;9995;23;;;;;10002;9;10005;23;;;9998.5;452.0
1;55600;BANANAS;4869;23;;;;;4874;9;4876;23;;;4871.5;-68.015625
1;55700;PEARLS;9996;1;9995;21;;;10002;7;10004;1;10005;21;9999.0;452.0
1;55700;BANANAS;4870;1;4869;21;;;4874;7;4876;22;;;4872.0;-66.703125
1;55800;PEARLS;9996;1;9995;25;;;10004;1;10005;25;;;10000.0;452.0
1;55800;BANANAS;4869;26;;;;;4875;1;4876;25;;;4872.0;-54.796875
1;55900;PEARLS;9995;20;;;;;10005;20;;;;;10000.0;452.0
1;55900;BANANAS;4869;20;;;;;4872;1;4876;20;;;4870.5;-64.8125
1;56000;PEARLS;10000;2;9996;1;9995;24;10002;6;10004;1;10005;24;10001.0;452.0
1;56000;BANANAS;4869;25;;;;;4874;6;4876;25;;;4871.5;-62.453125
1;56100;PEARLS;9996;1;9995;27;;;9998;1;10002;3;10004;1;9997.0;452.0
1;56100;BANANAS;4870;1;4869;27;;;4874;3;4876;28;;;4872.0;-67.1328125
1;56200;PEARLS;9996;1;9995;30;;;10000;4;10004;1;10005;30;9998.0;454.0
1;56200;BANANAS;4872;3;4870;1;4869;30;4876;31;;;;;4874.0;-70.703125
1;56300;BANANAS;4869;28;;;;;4876;28;;;;;4872.5;-70.953125
1;56300;PEARLS;9995;28;;;;;10005;28;;;;;10000.0;454.0
1;56400;BANANAS;4870;29;;;;;4876;29;;;;;4873.0;-73.21875
1;56400;PEARLS;9996;2;9995;27;;;10004;2;10005;27;;;10000.0;454.0
1;56500;BANANAS;4869;21;;;;;4874;9;4876;21;;;4871.5;-64.71875
1;56500;PEARLS;9995;21;;;;;10002;9;10005;21;;;9998.5;454.0
1;56600;BANANAS;4869;30;;;;;4874;2;4876;30;;;4871.5;-63.3828125
1;56600;PEARLS;9996;2;9995;28;;;10002;2;10004;2;10005;28;9999.0;454.0
1;56700;PEARLS;9998;5;9995;27;;;10005;27;;;;;10001.5;454.0
1;56700;BANANAS;4870;6;4869;27;;;4876;27;;;;;4873.0;-61.6015625
1;56800;PEARLS;9995;23;;;;;10005;23;;;;;10000.0;454.0
1;56800;BANANAS;4868;23;;;;;4875;23;;;;;4871.5;-50.75
1;56900;PEARLS;9996;1;9995;20;;;10004;1;10005;20;;;10000.0;454.0
1;56900;BANANAS;4869;1;4868;20;;;4875;21;;;;;4872.0;-47.234375
1;57000;PEARLS;9996;2;9995;20;;;10002;10;10004;2;10005;20;9999.0;454.0
1;57000;BANANAS;4869;22;;;;;4874;10;4875;2;4876;20;4871.5;-58.1640625
1;57100;PEARLS;9998;6;9995;24;;;10005;24;;;;;10001.5;454.0
1;57100;BANANAS;4874;1;4870;7;4869;24;4876;24;;;;;4875.0;-61.328125
1;57200;PEARLS;9998;5;9996;1;9995;25;10004;1;10005;25;;;10001.0;454.0
1;57200;BANANAS;4870;5;4869;26;;;4871;5;4872;2;4876;26;4870.5;-63.90625
1;57300;PEARLS;9996;1;9995;30;;;10004;1;10005;30;;;10000.0;454.0
1;57300;BANANAS;4869;31;;;;;4876;31;;;;;4872.5;-61.140625
1;57400;PEARLS;9996;1;9995;27;;;10004;1;10005;27;;;10000.0;454.0
1;57400;BANANAS;4869;28;;;;;4875;1;4876;27;;;4872.0;-58.640625
1;57500;PEARLS;9995;21;;;;;10005;21;;;;;10000.0;454.0
1;57500;BANANAS;4869;21;;;;;4876;21;;;;;4872.5;-61.2109375
1;57600;PEARLS;10000;4;9996;2;9995;20;10004;2;10005;20;;;10002.0;454.0
1;57600;BANANAS;4869;22;;;;;4875;22;;;;;4872.0;-52.4140625
1;57700;PEARLS;9998;2;9996;1;9995;21;10004;1;10005;21;;;10001.0;454.0
1;57700;BANANAS;4870;2;4869;22;;;4875;22;;;;;4872.5;-53.90625
1;57800;BANANAS;4869;28;;;;;4874;4;4875;2;4876;26;4871.5;-58.28125
1;57800;PEARLS;9996;2;9995;26;;;10002;4;10004;2;10005;26;9999.0;454.0
1;57900;BANANAS;4869;28;;;;;4875;2;4876;26;;;4872.0;-59.2109375
1;57900;PEARLS;9996;2;9995;26;;;10004;2;10005;26;;;10000.0;454.0
1;58000;BANANAS;4869;28;;;;;4876;28;;;;;4872.5;-63.3828125
1;58000;PEARLS;9995;28;;;;;10005;28;;;;;10000.0;454.0
1;58100;BANANAS;4870;27;;;;;4876;20;;;;;4873.0;-71.875
1;58100;PEARLS;9998;7;9995;20;;;10005;20;;;;;10001.5;454.0
1;58200;BANANAS;4869;29;;;;;4876;29;;;;;4872.5;-63.765625
1;58200;PEARLS;9996;2;9995;27;;;10004;2;10005;27;;;10000.0;454.0
1;58300;BANANAS;4869;30;;;;;4875;2;4876;28;;;4872.0;-54.90625
1;58300;PEARLS;9996;2;9995;28;;;10004;2;10005;28;;;10000.0;454.0
1;58400;BANANAS;4869;25;;;;;4876;25;;;;;4872.5;-54.921875
1;58400;PEARLS;9995;25;;;;;10005;25;;;;;10000.0;454.0
1;58500;PEARLS;9998;3;9996;2;9995;20;10004;2;10005;20;;;10001.0;454.0
1;58500;BANANAS;4870;3;4869;22;;;4875;2;4876;20;;;4872.5;-54.9375
1;58600;PEARLS;9996;1;9995;22;;;10004;1;10005;22;;;10000.0;454.0
1;58600;BANANAS;4870;1;4869;22;;;4876;23;;;;;4873.0;-67.03125
1;58700;BANANAS;4870;1;4869;29;;;4876;30;;;;;4873.0;-68.421875
1;58700;PEARLS;9996;1;9995;29;;;9998;1;10000;4;10004;1;9997.0;454.0
1;58800;BANANAS;4869;31;;;;;4876;31;;;;;4872.5;-65.9609375
1;58800;PEARLS;9996;1;9995;30;;;10004;1;10005;30;;;10000.0;456.0
1;58900;PEARLS;9996;2;9995;23;;;10004;2;10005;23;;;10000.0;456.0
1;58900;BANANAS;4875;1;4873;2;4870;25;4876;2;4877;23;;;4875.5;-76.484375
1;59000;PEARLS;9996;1;9995;23;;;10004;1;10005;23;;;10000.0;456.0
1;59000;BANANAS;4870;1;4869;23;;;4876;24;;;;;4873.0;-69.359375
1;59100;BANANAS;4870;8;4869;21;;;4876;21;;;;;4873.0;-62.34375
1;59100;PEARLS;9998;7;9996;1;9995;20;10004;1;10005;20;;;10001.0;456.0
1;59200;BANANAS;4869;25;;;;;4876;25;;;;;4872.5;-62.484375
1;59200;PEARLS;10002;1;9996;2;9995;23;10004;2;10005;23;;;10003.0;456.0
1;59300;PEARLS;9998;5;9995;22;;;10005;22;;;;;10001.5;458.0
1;59300;BANANAS;4871;5;4870;22;;;4877;22;;;;;4874.0;-76.0078125
1;59400;PEARLS;10002;1;9995;23;;;10005;23;;;;;10003.5;458.0
1;59400;BANANAS;4870;23;;;;;4877;23;;;;;4873.5;-77.3359375
1;59500;BANANAS;4870;24;;;;;4877;24;;;;;4873.5;-84.9140625
1;59500;PEARLS;9996;2;9995;22;;;10004;2;10005;22;;;10000.0;460.0
1;59600;BANANAS;4870;25;;;;;4876;1;4877;24;;;4873.0;-74.7890625
1;59600;PEARLS;10002;1;9996;1;9995;24;10004;1;10005;24;;;10003.0;460.0
1;59700;PEARLS;9996;1;9995;25;;;10004;1;10005;25;;;10000.0;462.0
1;59700;BANANAS;4875;1;4870;26;;;4877;26;;;;;4876.0;-83.5625
1;59800;PEARLS;9998;9;9996;2;9995;22;10004;2;10005;22;;;10001.0;462.0
1;59800;BANANAS;4871;9;4870;24;;;4877;24;;;;;4874.0;-86.1875
1;59900;BANANAS;4871;25;;;;;4877;25;;;;;4874.0;-93.1640625
1;59900;PEARLS;9996;2;9995;23;;;10004;2;10005;23;;;10000.0;462.0
1;60000;PEARLS;9996;1;9995;25;;;9998;3;10002;10;10004;1;9997.0;462.0
1;60000;BANANAS;4876;1;4871;26;;;4878;26;;;;;4877.0;-102.578125
1;60100;PEARLS;9996;1;9995;27;;;10004;1;10005;27;;;10000.0;468.0
1;60100;BANANAS;4872;1;4871;27;;;4878;28;;;;;4875.0;-110.40625
1;60200;PEARLS;9996;1;9995;25;;;10004;1;10005;25;;;10000.0;468.0
1;60200;BANANAS;4872;26;;;;;4878;1;4879;25;;;4875.0;-115.375
1;60300;PEARLS;9998;3;9996;1;9995;23;10004;1;10005;23;;;10001.0;468.0
1;60300;BANANAS;4872;27;;;;;4878;24;;;;;4875.0;-111.765625
1;60400;PEARLS;9996;2;9995;22;;;9998;1;10004;2;10005;22;9997.0;468.0
1;60400;BANANAS;4872;2;4871;22;;;4878;24;;;;;4875.0;-108.421875
1;60500;PEARLS;9995;25;;;;;10000;2;10005;25;;;9997.5;470.0
1;60500;BANANAS;4872;25;;;;;4879;25;;;;;4875.5;-114.9375
1;60600;PEARLS;9996;1;9995;21;;;10004;1;10005;21;;;10000.0;470.0
1;60600;BANANAS;4872;21;;;;;4878;22;;;;;4875.0;-112.3671875
1;60700;PEARLS;9998;10;9995;24;;;10005;24;;;;;10001.5;470.0
1;60700;BANANAS;4873;9;4872;24;;;4879;24;;;;;4876.0;-118.25
1;60800;BANANAS;4878;1;4873;2;4872;26;4879;28;;;;;4878.5;-130.6953125
1;60800;PEARLS;9996;2;9995;26;;;10004;2;10005;26;;;10000.0;470.0
1;60900;BANANAS;4878;1;4873;10;4872;29;4879;29;;;;;4878.5;-124.28125
1;60900;PEARLS;9998;10;9995;29;;;10005;29;;;;;10001.5;470.0
1;61000;BANANAS;4873;1;4872;25;;;4879;26;;;;;4876.0;-128.3828125
1;61000;PEARLS;9996;1;9995;25;;;9998;1;10004;1;10005;25;9997.0;470.0
1;61100;PEARLS;9996;2;9995;29;;;10004;2;10005;29;;;10000.0;472.0
1;61100;BANANAS;4873;2;4872;29;;;4874;4;4879;31;;;4873.5;-130.84375
1;61200;PEARLS;9998;1;9995;22;;;10005;22;;;;;10001.5;472.0
1;61200;BANANAS;4873;22;;;;;4880;22;;;;;4876.5;-143.109375
1;61300;PEARLS;9995;27;;;;;10005;27;;;;;10000.0;472.0
1;61300;BANANAS;4873;27;;;;;4880;27;;;;;4876.5;-141.0625
1;61400;PEARLS;9995;28;;;;;10005;28;;;;;10000.0;472.0
1;61400;BANANAS;4873;28;;;;;4880;28;;;;;4876.5;-137.765625
1;61500;PEARLS;9998;4;9995;22;;;10005;22;;;;;10001.5;472.0
1;61500;BANANAS;4878;1;4873;4;4872;22;4879;22;;;;;4878.5;-128.640625
1;61600;PEARLS;9996;1;9995;27;;;10004;1;10005;27;;;10000.0;472.0
1;61600;BANANAS;4872;28;;;;;4879;28;;;;;4875.5;-121.09375
1;61700;PEARLS;9996;2;9995;21;;;10004;2;10005;21;;;10000.0;472.0
1;61700;BANANAS;4872;23;;;;;4878;2;4879;21;;;4875.0;-118.8125
1;61800;PEARLS;9996;2;9995;24;;;10004;2;10005;24;;;10000.0;472.0
1;61800;BANANAS;4872;26;;;;;4873;1;4879;26;;;4872.5;-123.375
1;61900;PEARLS;9995;28;;;;;10002;8;10005;28;;;9998.5;472.0
1;61900;BANANAS;4872;28;;;;;4877;8;4879;28;;;4874.5;-131.453125
1;62000;PEARLS;9995;24;;;;;10005;24;;;;;10000.0;472.0
1;62000;BANANAS;4872;24;;;;;4879;24;;;;;4875.5;-124.796875
1;62100;PEARLS;9996;2;9995;25;;;10002;3;10004;2;10005;25;9999.0;472.0
1;62100;BANANAS;4873;2;4872;25;;;4877;3;4879;27;;;4875.0;-130.0234375
1;62200;PEARLS;9998;9;9996;2;9995;22;10004;2;10005;22;;;10001.0;472.0
1;62200;BANANAS;4873;33;;;;;4879;24;;;;;4876.0;-131.5859375
1;62300;BANANAS;4873;21;;;;;4880;21;;;;;4876.5;-140.5625
1;62300;PEARLS;9995;21;;;;;10005;21;;;;;10000.0;472.0
1;62400;BANANAS;4874;24;;;;;4880;24;;;;;4877.0;-153.8671875
1;62400;PEARLS;9995;24;;;;;10005;24;;;;;10000.0;472.0
1;62500;BANANAS;4874;27;;;;;4881;27;;;;;4877.5;-163.3046875
1;62500;PEARLS;9996;2;9995;25;;;10004;2;10005;25;;;10000.0;472.0
1;62600;BANANAS;4879;12;4875;6;4874;22;4881;22;;;;;4880.0;-162.125
1;62600;PEARLS;9998;6;9996;1;9995;21;10004;1;10005;21;;;10001.0;472.0
1;62700;BANANAS;4875;4;4874;25;;;4881;25;;;;;4878.0;-169.828125
1;62700;PEARLS;9998;3;9995;25;;;10005;25;;;;;10001.5;472.0
1;62800;BANANAS;4875;22;;;;;4882;22;;;;;4878.5;-176.8671875
1;62800;PEARLS;9995;22;;;;;10005;22;;;;;10000.0;472.0
1;62900;BANANAS;4876;3;4875;22;;;4882;22;;;;;4879.0;-181.125
1;62900;PEARLS;10002;11;9998;3;9996;2;10004;2;10005;20;;;10003.0;472.0
1;63000;PEARLS;9995;30;;;;;10005;30;;;;;10000.0;494.0
1;63000;BANANAS;4875;30;;;;;4882;30;;;;;4878.5;-181.6015625
1;63100;BANANAS;4875;30;;;;;4882;30;;;;;4878.5;-180.3515625
1;63100;PEARLS;9995;30;;;;;9998;1;10005;30;;;9996.5;494.0
1;63200;PEARLS;9996;1;9995;24;;;10004;1;10005;24;;;10000.0;496.0
1;63200;BANANAS;4875;1;4874;24;;;4881;25;;;;;4878.0;-170.8046875
1;63300;BANANAS;4880;1;4875;30;;;4881;30;;;;;4880.5;-173.03125
1;63300;PEARLS;10002;4;9995;30;;;10005;30;;;;;10003.5;496.0
1;63400;PEARLS;9996;2;9995;22;;;10004;2;10005;22;;;10000.0;504.0
1;63400;BANANAS;4875;24;;;;;4881;24;;;;;4878.0;-173.484375
1;63500;BANANAS;4875;28;;;;;4878;4;4882;28;;;4876.5;-175.21875
1;63500;PEARLS;9995;28;;;;;10005;28;;;;;10000.0;504.0
1;63600;PEARLS;9995;22;;;;;10005;22;;;;;10000.0;504.0
1;63600;BANANAS;4880;1;4874;22;;;4881;22;;;;;4880.5;-167.234375
1;63700;BANANAS;4875;21;;;;;4879;7;4881;21;;;4877.0;-171.6328125
1;63700;PEARLS;9995;21;;;;;10000;5;10002;7;10005;21;9997.5;504.0
1;63800;PEARLS;9996;1;9995;27;;;9998;1;10004;1;10005;27;9997.0;504.0
1;63800;BANANAS;4874;28;;;;;4881;28;;;;;4877.5;-163.359375
1;63900;BANANAS;4874;22;;;;;4877;2;4881;22;;;4875.5;-164.1015625
1;63900;PEARLS;9995;22;;;;;10000;2;10005;22;;;9997.5;506.0
1;64000;PEARLS;9995;30;;;;;9998;11;10002;10;10005;30;9996.5;506.0
1;64000;BANANAS;4874;30;;;;;4875;1;4879;10;4881;30;4874.5;-162.203125
1;64100;BANANAS;4874;28;;;;;4879;4;4881;28;;;4876.5;-162.484375
1;64100;PEARLS;9996;2;9995;26;;;10002;4;10004;2;10005;26;9999.0;528.0
1;64200;PEARLS;9996;2;9995;25;;;10004;2;10005;25;;;10000.0;528.0
1;64200;BANANAS;4874;27;;;;;4881;27;;;;;4877.5;-164.65625
1;64300;BANANAS;4875;4;4874;22;;;4881;22;;;;;4878.0;-163.78125
1;64300;PEARLS;9998;4;9996;2;9995;20;10004;2;10005;20;;;10001.0;528.0
1;64400;PEARLS;9996;2;9995;27;;;10004;2;10005;27;;;10000.0;528.0
1;64400;BANANAS;4874;29;;;;;4880;2;4881;27;;;4877.0;-158.3828125
1;64500;PEARLS;9996;2;9995;20;;;10004;2;10005;20;;;10000.0;528.0
1;64500;BANANAS;4874;22;;;;;4880;2;4881;20;;;4877.0;-156.15625
1;64600;PEARLS;9996;2;9995;27;;;10004;2;10005;27;;;10000.0;528.0
1;64600;BANANAS;4874;29;;;;;4880;2;4881;27;;;4877.0;-157.6875
1;64700;PEARLS;10002;1;9996;1;9995;28;10004;1;10005;28;;;10003.0;528.0
1;64700;BANANAS;4874;29;;;;;4881;29;;;;;4877.5;-160.9609375
1;64800;PEARLS;9996;1;9995;20;;;10004;1;10005;20;;;10000.0;530.0
1;64800;BANANAS;4874;21;;;;;4875;1;4881;21;;;4874.5;-163.3984375
1;64900;PEARLS;9996;2;9995;30;;;9998;4;10002;10;10004;2;9997.0;530.0
1;64900;BANANAS;4875;32;;;;;4880;10;4881;2;4882;30;4877.5;-175.65625
1;65000;PEARLS;9996;1;9995;26;;;10002;5;10004;1;10005;26;9999.0;538.0
1;65000;BANANAS;4875;27;;;;;4879;4;4881;27;;;4877.0;-172.0703125
1;65100;PEARLS;9998;10;9996;1;9995;25;10004;1;10005;25;;;10001.0;538.0
1;65100;BANANAS;4875;11;4874;25;;;4881;26;;;;;4878.0;-169.109375
1;65200;BANANAS;4874;28;;;;;4879;6;4880;1;4881;28;4876.5;-159.234375
1;65200;PEARLS;9996;1;9995;28;;;10002;6;10004;1;10005;28;9999.0;538.0
1;65300;BANANAS;4874;29;;;;;4879;9;4881;29;;;4876.5;-165.703125
1;65300;PEARLS;9995;29;;;;;10002;9;10005;29;;;9998.5;538.0
1;65400;BANANAS;4880;1;4875;10;4874;21;4881;21;;;;;4880.5;-169.7109375
1;65400;PEARLS;9998;10;9995;21;;;10005;21;;;;;10001.5;538.0
1;65500;BANANAS;4874;20;;;;;4881;20;;;;;4877.5;-171.1171875
1;65500;PEARLS;9995;20;;;;;10005;20;;;;;10000.0;538.0
1;65600;PEARLS;9998;3;9995;20;;;10005;20;;;;;10001.5;538.0
1;65600;BANANAS;4876;3;4875;20;;;4882;20;;;;;4879.0;-180.1015625
1;65700;PEARLS;9995;24;;;;;10005;24;;;;;10000.0;538.0
1;65700;BANANAS;4875;23;;;;;4882;24;;;;;4878.5;-180.546875
1;65800;PEARLS;10002;4;9995;30;;;10005;30;;;;;10003.5;538.0
1;65800;BANANAS;4875;30;;;;;4882;30;;;;;4878.5;-183.046875
1;65900;PEARLS;9996;2;9995;24;;;10004;2;10005;24;;;10000.0;546.0
1;65900;BANANAS;4875;26;;;;;4882;26;;;;;4878.5;-186.453125
1;66000;PEARLS;9996;1;9995;24;;;10004;1;10005;24;;;10000.0;546.0
1;66000;BANANAS;4878;6;4876;1;4875;24;4882;25;;;;;4880.0;-186.9375
1;66100;PEARLS;9996;2;9995;23;;;10004;2;10005;23;;;10000.0;546.0
1;66100;BANANAS;4880;1;4875;25;;;4881;2;4882;23;;;4880.5;-177.6953125
1;66200;PEARLS;10002;1;9996;1;9995;22;10004;1;10005;22;;;10003.0;546.0
1;66200;BANANAS;4875;1;4874;22;;;4881;23;;;;;4878.0;-170.8515625
1;66300;PEARLS;10000;3;9995;20;;;10002;5;10005;20;;;10001.0;548.0
1;66300;BANANAS;4879;6;4874;20;;;4881;20;;;;;4880.0;-170.8125
1;66400;PEARLS;9996;2;9995;24;;;10004;2;10005;24;;;10000.0;548.0
1;66400;BANANAS;4875;2;4874;24;;;4881;26;;;;;4878.0;-168.0078125
1;66500;PEARLS;9996;1;9995;30;;;10004;1;10005;30;;;10000.0;548.0
1;66500;BANANAS;4879;1;4874;31;;;4880;1;4881;30;;;4879.5;-155.453125
1;66600;PEARLS;10002;3;9998;1;9996;2;10004;2;10005;29;;;10003.0;548.0
1;66600;BANANAS;4877;1;4874;1;4873;31;4879;2;4880;29;;;4878.0;-139.296875
1;66700;BANANAS;4877;2;4873;26;;;4879;1;4880;25;;;4878.0;-138.4609375
1;66700;PEARLS;9996;1;9995;25;;;10004;1;10005;25;;;10000.0;554.0
1;66800;BANANAS;4872;26;;;;;4879;26;;;;;4875.5;-125.34375
1;66800;PEARLS;9996;1;9995;25;;;10004;1;10005;25;;;10000.0;554.0
1;66900;BANANAS;4872;20;;;;;4879;20;;;;;4875.5;-129.421875
1;66900;PEARLS;9995;20;;;;;10005;20;;;;;10000.0;554.0
1;67000;BANANAS;4873;25;;;;;4879;24;;;;;4876.0;-131.875
1;67000;PEARLS;9998;1;9996;2;9995;22;10004;2;10005;22;;;10001.0;554.0
1;67100;BANANAS;4872;26;;;;;4879;26;;;;;4875.5;-126.1171875
1;67100;PEARLS;9996;1;9995;25;;;10004;1;10005;25;;;10000.0;554.0
1;67200;BANANAS;4872;23;;;;;4879;23;;;;;4875.5;-125.5625
1;67200;PEARLS;9995;23;;;;;10005;23;;;;;10000.0;554.0
1;67300;BANANAS;4872;21;;;;;4873;8;4879;22;;;4872.5;-128.234375
1;67300;PEARLS;9996;1;9995;21;;;10004;1;10005;21;;;10000.0;554.0
1;67400;BANANAS;4872;29;;;;;4879;29;;;;;4875.5;-123.28125
1;67400;PEARLS;9996;1;9995;28;;;10004;1;10005;28;;;10000.0;554.0
1;67500;PEARLS;9995;22;;;;;10005;22;;;;;10000.0;554.0
1;67500;BANANAS;4872;22;;;;;4879;22;;;;;4875.5;-122.1015625
1;67600;PEARLS;9996;1;9995;25;;;10004;1;10005;25;;;10000.0;554.0
1;67600;BANANAS;4872;26;;;;;4878;1;4879;25;;;4875.0;-118.171875
1;67700;BANANAS;4872;23;;;;;4879;23;;;;;4875.5;-122.5
1;67700;PEARLS;9996;2;9995;21;;;10000;3;10004;2;10005;21;9998.0;554.0
1;67800;BANANAS;4872;32;;;;;4879;32;;;;;4875.5;-124.5
1;67800;PEARLS;9996;2;9995;30;;;10004;2;10005;30;;;10000.0;554.0
1;67900;PEARLS;9995;26;;;;;10005;26;;;;;10000.0;554.0
1;67900;BANANAS;4872;26;;;;;4879;26;;;;;4875.5;-123.109375
1;68000;PEARLS;9995;25;;;;;10002;5;10005;25;;;9998.5;554.0
1;68000;BANANAS;4873;25;;;;;4878;5;4880;25;;;4875.5;-137.1015625
1;68100;BANANAS;4873;27;;;;;4878;8;4879;1;4880;26;4875.5;-134.8046875
1;68100;PEARLS;9996;1;9995;26;;;10002;8;10004;1;10005;26;9999.0;554.0
1;68200;BANANAS;4873;24;;;;;4875;2;4880;24;;;4874.0;-142.6484375
1;68200;PEARLS;9996;1;9995;23;;;9998;1;10004;1;10005;23;9997.0;554.0
1;68300;PEARLS;9996;1;9995;25;;;10002;4;10004;1;10005;25;9999.0;556.0
1;68300;BANANAS;4873;26;;;;;4874;8;4878;4;4880;26;4873.5;-140.03125
1;68400;PEARLS;10002;1;9996;1;9995;30;10004;1;10005;30;;;10003.0;556.0
1;68400;BANANAS;4873;31;;;;;4880;31;;;;;4876.5;-145.2578125
1;68500;BANANAS;4878;1;4873;23;;;4879;23;;;;;4878.5;-131.9453125
1;68500;PEARLS;9996;1;9995;22;;;10004;1;10005;22;;;10000.0;558.0
1;68600;BANANAS;4873;27;;;;;4880;27;;;;;4876.5;-146.2890625
1;68600;PEARLS;9995;27;;;;;9998;1;10005;27;;;9996.5;558.0
1;68700;PEARLS;9998;10;9996;2;9995;20;10004;2;10005;20;;;10001.0;560.0
1;68700;BANANAS;4874;12;4873;20;;;4880;22;;;;;4877.0;-147.78125
1;68800;PEARLS;9996;1;9995;30;;;10000;6;10002;1;10004;1;9998.0;560.0
1;68800;BANANAS;4873;31;;;;;4878;1;4880;31;;;4875.5;-145.0625
1;68900;PEARLS;9998;3;9996;2;9995;23;10004;2;10005;23;;;10001.0;560.0
1;68900;BANANAS;4878;4;4875;3;4874;25;4880;2;4881;23;;;4879.0;-156.859375
1;69000;PEARLS;9996;1;9995;27;;;10004;1;10005;27;;;10000.0;560.0
1;69000;BANANAS;4875;1;4874;27;;;4881;28;;;;;4878.0;-168.3046875
1;69100;PEARLS;9996;1;9995;25;;;10004;1;10005;25;;;10000.0;560.0
1;69100;BANANAS;4874;26;;;;;4880;1;4881;25;;;4877.0;-156.90625
1;69200;PEARLS;9996;1;9995;20;;;10002;8;10004;1;10005;20;9999.0;560.0
1;69200;BANANAS;4874;21;;;;;4879;8;4881;21;;;4876.5;-163.5546875
1;69300;PEARLS;9996;1;9995;23;;;10004;1;10005;23;;;10000.0;560.0
1;69300;BANANAS;4874;24;;;;;4877;6;4881;24;;;4875.5;-161.1875
1;69400;PEARLS;9995;22;;;;;10005;22;;;;;10000.0;560.0
1;69400;BANANAS;4874;22;;;;;4881;22;;;;;4877.5;-160.953125
1;69500;PEARLS;9996;1;9995;30;;;10002;8;10004;1;10005;30;9999.0;560.0
1;69500;BANANAS;4874;31;;;;;4879;8;4880;1;4881;30;4876.5;-156.0390625
1;69600;BANANAS;4874;27;;;;;4880;27;;;;;4877.0;-151.640625
1;69600;PEARLS;9996;2;9995;25;;;10004;2;10005;25;;;10000.0;560.0
1;69700;BANANAS;4873;26;;;;;4880;26;;;;;4876.5;-143.3515625
1;69700;PEARLS;10002;1;9996;2;9995;24;10004;2;10005;24;;;10003.0;560.0
1;69800;BANANAS;4873;23;;;;;4874;1;4880;23;;;4873.5;-142.71875
1;69800;PEARLS;9996;1;9995;22;;;10004;1;10005;22;;;10000.0;562.0
1;69900;BANANAS;4874;10;4873;26;;;4880;26;;;;;4877.0;-145.9609375
1;69900;PEARLS;10002;1;9998;10;9996;2;10004;2;10005;24;;;10003.0;562.0
1;70000;PEARLS;9996;2;9995;28;;;10004;2;10005;28;;;10000.0;564.0
1;70000;BANANAS;4874;2;4873;28;;;4880;30;;;;;4877.0;-149.7890625
1;70100;PEARLS;10002;1;9995;27;;;10005;27;;;;;10003.5;564.0
1;70100;BANANAS;4874;26;;;;;4880;27;;;;;4877.0;-151.625
1;70200;PEARLS;9996;2;9995;28;;;10004;2;10005;28;;;10000.0;566.0
1;70200;BANANAS;4874;30;;;;;4880;30;;;;;4877.0;-152.109375
1;70300;PEARLS;9998;10;9996;1;9995;24;10004;1;10005;24;;;10001.0;566.0
1;70300;BANANAS;4875;10;4874;25;;;4880;1;4881;24;;;4877.5;-154.7109375
1;70400;PEARLS;10002;13;9996;2;9995;29;10004;2;10005;29;;;10003.0;566.0
1;70400;BANANAS;4874;2;4873;29;;;4880;31;;;;;4877.0;-150.9609375
1;70500;PEARLS;10002;1;9995;21;;;10005;21;;;;;10003.5;592.0
1;70500;BANANAS;4877;4;4874;21;;;4880;21;;;;;4878.5;-153.84375
1;70600;PEARLS;10002;1;10000;3;9996;1;10004;1;10005;22;;;10003.0;594.0
1;70600;BANANAS;4874;23;;;;;4875;1;4881;23;;;4874.5;-163.5546875
1;70700;PEARLS;9995;27;;;;;10005;27;;;;;10000.0;596.0
1;70700;BANANAS;4874;27;;;;;4881;27;;;;;4877.5;-160.5859375
1;70800;PEARLS;9996;2;9995;20;;;9998;5;10002;8;10004;2;9997.0;596.0
1;70800;BANANAS;4874;22;;;;;4878;8;4880;22;;;4876.0;-152.3125
1;70900;PEARLS;9995;21;;;;;10005;21;;;;;10000.0;606.0
1;70900;BANANAS;4874;20;;;;;4880;21;;;;;4877.0;-152.6875
1;71000;PEARLS;9996;2;9995;28;;;9998;3;10004;2;10005;28;9997.0;606.0
1;71000;BANANAS;4874;10;4873;28;;;4880;30;;;;;4877.0;-148.2265625
1;71100;BANANAS;4875;4;4874;30;;;4880;30;;;;;4877.5;-152.640625
1;71100;PEARLS;9998;4;9995;30;;;10005;30;;;;;10001.5;612.0
1;71200;BANANAS;4874;1;4873;27;;;4880;28;;;;;4877.0;-146.90625
1;71200;PEARLS;9996;1;9995;27;;;9998;1;10004;1;10005;27;9997.0;612.0
1;71300;BANANAS;4873;30;;;;;4879;2;4880;28;;;4876.0;-139.2578125
1;71300;PEARLS;9996;2;9995;28;;;10004;2;10005;28;;;10000.0;614.0
1;71400;BANANAS;4873;27;;;;;4879;2;4880;25;;;4876.0;-137.828125
1;71400;PEARLS;10002;2;9996;2;9995;25;10004;2;10005;25;;;10003.0;614.0
1;71500;BANANAS;4873;26;;;;;4880;26;;;;;4876.5;-135.359375
1;71500;PEARLS;9995;26;;;;;10005;26;;;;;10000.0;618.0
1;71600;BANANAS;4874;9;4873;29;;;4880;31;;;;;4877.0;-149.5234375
1;71600;PEARLS;9998;7;9996;2;9995;29;10004;2;10005;29;;;10001.0;618.0
1;71700;BANANAS;4873;26;;;;;4879;1;4880;25;;;4876.0;-136.546875
1;71700;PEARLS;9996;1;9995;25;;;9998;1;10004;1;10005;25;9997.0;618.0
1;71800;BANANAS;4873;22;;;;;4880;22;;;;;4876.5;-142.75
1;71800;PEARLS;9995;22;;;;;9998;1;10005;22;;;9996.5;620.0
1;71900;BANANAS;4874;30;;;;;4875;1;4880;30;;;4874.5;-153.546875
1;71900;PEARLS;9996;2;9995;28;;;10004;2;10005;28;;;10000.0;622.0
1;72000;PEARLS;9998;2;9996;1;9995;23;10004;1;10005;23;;;10001.0;622.0
1;72000;BANANAS;4877;6;4875;3;4874;23;4881;24;;;;;4879.0;-168.8984375
1;72100;BANANAS;4875;2;4874;24;;;4881;26;;;;;4878.0;-166.765625
1;72100;PEARLS;9996;2;9995;24;;;9998;1;10004;2;10005;24;9997.0;622.0
1;72200;PEARLS;9995;25;;;;;9998;1;10005;25;;;9996.5;624.0
1;72200;BANANAS;4874;25;;;;;4881;25;;;;;4877.5;-165.8828125
1;72300;BANANAS;4875;1;4874;22;;;4881;23;;;;;4878.0;-167.328125
1;72300;PEARLS;9996;1;9995;22;;;10004;1;10005;22;;;10000.0;626.0
1;72400;PEARLS;9995;25;;;;;10005;25;;;;;10000.0;626.0
1;72400;BANANAS;4874;25;;;;;4881;25;;;;;4877.5;-165.4296875
1;72500;BANANAS;4875;22;;;;;4882;22;;;;;4878.5;-184.171875
1;72500;PEARLS;10000;4;9996;2;9995;20;10004;2;10005;20;;;10002.0;626.0
1;72600;PEARLS;9998;8;9995;28;;;10005;28;;;;;10001.5;626.0
1;72600;BANANAS;4880;4;4876;36;;;4882;28;;;;;4881.0;-191.890625
1;72700;BANANAS;4876;28;;;;;4883;28;;;;;4879.5;-199.78125
1;72700;PEARLS;9995;28;;;;;10005;28;;;;;10000.0;626.0
1;72800;PEARLS;9996;2;9995;27;;;10004;2;10005;27;;;10000.0;626.0
1;72800;BANANAS;4876;29;;;;;4883;29;;;;;4879.5;-202.2265625
1;72900;BANANAS;4876;23;;;;;4881;4;4883;23;;;4878.5;-205.6484375
1;72900;PEARLS;9996;1;9995;22;;;10002;4;10004;1;10005;22;9999.0;626.0
1;73000;PEARLS;9995;21;;;;;10005;21;;;;;10000.0;626.0
1;73000;BANANAS;4876;21;;;;;4883;21;;;;;4879.5;-210.796875
1;73100;BANANAS;4877;28;;;;;4880;2;4882;7;4884;28;4878.5;-221.0859375
1;73100;PEARLS;9996;1;9995;27;;;10002;7;10004;1;10005;27;9999.0;626.0
1;73200;PEARLS;9996;1;9995;23;;;10002;7;10004;1;10005;23;9999.0;626.0
1;73200;BANANAS;4878;1;4877;23;;;4882;7;4884;24;;;4880.0;-227.703125
1;73300;BANANAS;4877;25;;;;;4884;25;;;;;4880.5;-222.296875
1;73300;PEARLS;9996;2;9995;23;;;10004;2;10005;23;;;10000.0;626.0
1;73400;PEARLS;9995;30;;;;;10002;6;10005;30;;;9998.5;626.0
1;73400;BANANAS;4877;30;;;;;4882;7;4884;30;;;4879.5;-229.7578125
1;73500;PEARLS;9998;6;9996;1;9995;24;10004;1;10005;24;;;10001.0;626.0
1;73500;BANANAS;4882;12;4878;7;4877;24;4884;25;;;;;4883.0;-227.390625
1;73600;PEARLS;9995;30;;;;;9998;1;10005;30;;;9996.5;626.0
1;73600;BANANAS;4877;30;;;;;4884;30;;;;;4880.5;-229.8046875
1;73700;PEARLS;10002;4;9995;25;;;10005;25;;;;;10003.5;628.0
1;73700;BANANAS;4878;25;;;;;4885;25;;;;;4881.5;-244.984375
1;73800;PEARLS;9998;1;9996;1;9995;21;10004;1;10005;21;;;10001.0;636.0
1;73800;BANANAS;4878;2;4877;21;;;4884;22;;;;;4881.0;-228.1875
1;73900;PEARLS;9995;27;;;;;10005;27;;;;;10000.0;636.0
1;73900;BANANAS;4878;27;;;;;4884;27;;;;;4881.0;-232.375
1;74000;PEARLS;10000;5;9996;2;9995;27;10004;2;10005;27;;;10002.0;636.0
1;74000;BANANAS;4877;29;;;;;4878;2;4884;29;;;4877.5;-219.84375
1;74100;BANANAS;4878;5;4877;24;;;4883;1;4884;23;;;4880.5;-216.625
1;74100;PEARLS;9998;5;9996;1;9995;23;10004;1;10005;23;;;10001.0;636.0
1;74200;BANANAS;4877;31;;;;;4882;1;4883;1;4884;30;4879.5;-215.2578125
1;74200;PEARLS;9996;1;9995;30;;;10002;1;10004;1;10005;30;9999.0;636.0
1;74300;BANANAS;4882;1;4878;7;4877;27;4883;1;4884;26;;;4882.5;-217.46875
1;74300;PEARLS;9998;6;9996;1;9995;26;10004;1;10005;26;;;10001.0;636.0
1;74400;BANANAS;4877;23;;;;;4883;2;4884;21;;;4880.0;-218.3125
1;74400;PEARLS;9996;2;9995;21;;;10004;2;10005;21;;;10000.0;636.0
1;74500;PEARLS;9996;2;9995;24;;;10004;2;10005;24;;;10000.0;636.0
1;74500;BANANAS;4883;1;4882;1;4877;26;4884;26;;;;;4883.5;-224.453125
1;74600;PEARLS;9996;2;9995;27;;;9998;2;10004;2;10005;27;9997.0;636.0
1;74600;BANANAS;4877;29;;;;;4884;29;;;;;4880.5;-223.15625
1;74700;PEARLS;9996;1;9995;26;;;10004;1;10005;26;;;10000.0;640.0
1;74700;BANANAS;4877;27;;;;;4880;6;4883;1;4884;26;4878.5;-216.234375
1;74800;PEARLS;9996;2;9995;24;;;10004;2;10005;24;;;10000.0;640.0
1;74800;BANANAS;4877;2;4876;24;;;4883;26;;;;;4880.0;-210.765625
1;74900;PEARLS;9996;1;9995;27;;;10004;1;10005;27;;;10000.0;640.0
1;74900;BANANAS;4877;1;4876;27;;;4883;28;;;;;4880.0;-210.5703125
1;75000;PEARLS;9996;1;9995;21;;;9998;4;10004;1;10005;21;9997.0;640.0
1;75000;BANANAS;4877;22;;;;;4884;22;;;;;4880.5;-222.984375
1;75100;PEARLS;9996;2;9995;26;;;10002;8;10004;2;10005;26;9999.0;648.0
1;75100;BANANAS;4877;28;;;;;4881;8;4883;28;;;4879.0;-213.421875
1;75200;PEARLS;9996;1;9995;30;;;10004;1;10005;30;;;10000.0;648.0
1;75200;BANANAS;4877;31;;;;;4880;6;4883;1;4884;30;4878.5;-214.53125
1;75300;PEARLS;9998;7;9996;1;9995;26;10004;1;10005;26;;;10001.0;648.0
1;75300;BANANAS;4877;8;4876;26;;;4883;27;;;;;4880.0;-209.4453125
1;75400;PEARLS;9995;25;;;;;10005;25;;;;;10000.0;648.0
1;75400;BANANAS;4876;25;;;;;4883;25;;;;;4879.5;-201.3515625
1;75500;PEARLS;9996;1;9995;22;;;10004;1;10005;22;;;10000.0;648.0
1;75500;BANANAS;4877;1;4876;22;;;4883;23;;;;;4880.0;-208.40625
1;75600;BANANAS;4877;2;4876;23;;;4883;25;;;;;4880.0;-209.4375
1;75600;PEARLS;9996;2;9995;23;;;9998;9;10004;2;10005;23;9997.0;648.0
1;75700;BANANAS;4882;1;4877;27;;;4883;27;;;;;4882.5;-212.1875
1;75700;PEARLS;9996;2;9995;25;;;10004;2;10005;25;;;10000.0;666.0
1;75800;BANANAS;4876;28;;;;;4881;2;4883;28;;;4878.5;-206.328125
1;75800;PEARLS;9996;2;9995;26;;;10002;3;10004;2;10005;26;9999.0;666.0
1;75900;BANANAS;4877;2;4876;22;;;4878;3;4883;24;;;4877.5;-211.375
1;75900;PEARLS;9996;2;9995;22;;;10004;2;10005;22;;;10000.0;666.0
1;76000;BANANAS;4878;8;4877;31;;;4884;31;;;;;4881.0;-220.484375
1;76000;PEARLS;9998;8;9996;1;9995;30;10004;1;10005;30;;;10001.0;666.0
1;76100;BANANAS;4877;28;;;;;4884;28;;;;;4880.5;-222.9296875
1;76100;PEARLS;10002;1;9995;28;;;10005;28;;;;;10003.5;666.0
1;76200;BANANAS;4878;9;4877;28;;;4884;28;;;;;4881.0;-228.453125
1;76200;PEARLS;9998;9;9995;28;;;10005;28;;;;;10001.5;668.0
1;76300;BANANAS;4878;8;4877;21;;;4884;22;;;;;4881.0;-228.953125
1;76300;PEARLS;9998;7;9996;1;9995;21;10004;1;10005;21;;;10001.0;668.0
1;76400;BANANAS;4877;28;;;;;4884;28;;;;;4880.5;-225.140625
1;76400;PEARLS;9995;28;;;;;10005;28;;;;;10000.0;668.0
1;76500;PEARLS;10000;2;9995;28;;;10005;28;;;;;10002.5;668.0
1;76500;BANANAS;4877;28;;;;;4884;28;;;;;4880.5;-221.0390625
1;76600;PEARLS;9995;29;;;;;10005;29;;;;;10000.0;668.0
1;76600;BANANAS;4877;29;;;;;4884;29;;;;;4880.5;-217.203125
1;76700;BANANAS;4880;2;4878;9;4877;31;4884;31;;;;;4882.0;-223.7109375
1;76700;PEARLS;9998;9;9996;1;9995;30;10004;1;10005;30;;;10001.0;668.0
1;76800;BANANAS;4877;25;;;;;4882;6;4884;25;;;4879.5;-215.40625
1;76800;PEARLS;9995;25;;;;;10002;6;10005;25;;;9998.5;668.0
1;76900;PEARLS;9998;3;9996;2;9995;27;10004;2;10005;27;;;10001.0;668.0
1;76900;BANANAS;4878;2;4877;29;;;4883;2;4884;27;;;4880.5;-217.796875
1;77000;PEARLS;9995;28;;;;;10005;28;;;;;10000.0;668.0
1;77000;BANANAS;4877;28;;;;;4884;28;;;;;4880.5;-219.90625
1;77100;BANANAS;4877;10;4876;22;;;4883;22;;;;;4880.0;-203.8203125
1;77100;PEARLS;9998;10;9995;22;;;10005;22;;;;;10001.5;668.0
1;77200;BANANAS;4877;30;;;;;4883;30;;;;;4880.0;-212.671875
1;77200;PEARLS;9995;30;;;;;10005;30;;;;;10000.0;668.0
1;77300;PEARLS;9998;4;9996;1;9995;25;10004;1;10005;25;;;10001.0;668.0
1;77300;BANANAS;4878;3;4877;26;;;4884;26;;;;;4881.0;-224.34375
1;77400;PEARLS;9996;2;9995;27;;;10004;2;10005;27;;;10000.0;668.0
1;77400;BANANAS;4878;29;;;;;4884;29;;;;;4881.0;-232.75
1;77500;BANANAS;4879;1;4878;23;;;4885;24;;;;;4882.0;-247.8828125
1;77500;PEARLS;9996;1;9995;23;;;10004;1;10005;23;;;10000.0;668.0
1;77600;BANANAS;4880;3;4879;30;;;4886;30;;;;;4883.0;-265.8984375
1;77600;PEARLS;9998;3;9995;30;;;10005;30;;;;;10001.5;668.0
1;77700;PEARLS;10002;1;9996;1;9995;30;10004;1;10005;30;;;10003.0;668.0
1;77700;BANANAS;4880;1;4879;30;;;4886;31;;;;;4883.0;-267.1328125
1;77800;PEARLS;9998;2;9996;2;9995;29;10004;2;10005;29;;;10001.0;670.0
1;77800;BANANAS;4880;4;4879;29;;;4886;31;;;;;4883.0;-268.21875
1;77900;PEARLS;9996;2;9995;24;;;9998;1;10002;7;10004;2;9997.0;670.0
1;77900;BANANAS;4880;26;;;;;4885;6;4887;26;;;4882.5;-281.5078125
1;78000;PEARLS;9995;21;;;;;10005;21;;;;;10000.0;672.0
1;78000;BANANAS;4880;21;;;;;4887;21;;;;;4883.5;-283.5859375
1;78100;PEARLS;9995;24;;;;;10005;24;;;;;10000.0;672.0
1;78100;BANANAS;4880;24;;;;;4881;1;4887;24;;;4880.5;-286.2109375
1;78200;PEARLS;10002;1;9995;24;;;10005;24;;;;;10003.5;672.0
1;78200;BANANAS;4886;1;4881;24;;;4887;24;;;;;4886.5;-292.7265625
1;78300;PEARLS;9995;25;;;;;10005;25;;;;;10000.0;674.0
1;78300;BANANAS;4880;25;;;;;4887;25;;;;;4883.5;-282.40625
1;78400;PEARLS;9995;25;;;;;10005;25;;;;;10000.0;674.0
1;78400;BANANAS;4880;25;;;;;4886;25;;;;;4883.0;-273.734375
1;78500;BANANAS;4880;25;;;;;4886;25;;;;;4883.0;-273.40625
1;78500;PEARLS;9996;2;9995;23;;;10004;2;10005;23;;;10000.0;674.0
1;78600;BANANAS;4880;25;;;;;4885;5;4886;25;;;4882.5;-274.3359375
1;78600;PEARLS;9996;2;9995;23;;;10002;5;10004;2;10005;23;9999.0;674.0
1;78700;BANANAS;4880;26;;;;;4886;1;4887;25;;;4883.0;-275.1484375
1;78700;PEARLS;9996;1;9995;25;;;10004;1;10005;25;;;10000.0;674.0
1;78800;BANANAS;4884;3;4880;29;;;4886;29;;;;;4885.0;-274.3203125
1;78800;PEARLS;9995;29;;;;;10005;29;;;;;10000.0;674.0
1;78900;PEARLS;9996;1;9995;25;;;9998;1;10004;1;10005;25;9997.0;674.0
1;78900;BANANAS;4880;26;;;;;4887;26;;;;;4883.5;-283.8984375
1;79000;PEARLS;9996;1;9995;21;;;10004;1;10005;21;;;10000.0;676.0
